3400 5642
494 3375 550 3431 p.
580 3360 704 3416 260.

1701 547 2146 634 *1921*

746 715 825 760 eo
872 694 1290 779 praedicatur
1334 701 1401 758 et
1446 698 1515 757 in
1560 713 1842 778 persona
1885 696 2028 757 eius
2073 697 2188 756 est.
2239 690 2422 763 Quod
2454 693 2510 754 si
2541 690 2994 754 inhumanatio
3027 693 3098 752 in

746 819 825 862 eo
872 797 1345 878 consideratur,
1393 796 1848 860 inhumanatio
1893 815 2026 858 non
2072 796 2408 864 invenitur
2453 793 2700 857 habere
2750 792 2946 856 aliam
2977 811 3098 856 na-

746 905 963 963 turam
996 904 1189 963 extra
1222 917 1402 974 eum;
1436 917 1591 961 nam
1615 917 1748 962 non
1787 899 1928 961 sine
1959 896 2498 960 inhumanatione
2533 897 2800 977 agnitus
2831 899 2928 958 est
2952 913 3097 958 esse

749 1003 934 1066 Deus,
984 1000 1152 1072 Quia
1197 1001 1449 1064 homini
1493 1002 1872 1083 cuicumque
1903 1018 2030 1062 non
2069 1003 2167 1062 est
2197 1002 2438 1061 natura
2471 1017 2510 1061 a
2540 1002 2782 1060 natura
2813 998 3102 1080 proximi

748 1107 849 1168 sui
895 1102 1218 1185 distincta,
1268 1105 1563 1186 quamvis
1608 1101 1741 1166 alia
1788 1104 1872 1165 sit
1917 1119 2197 1185 persona
2243 1102 2402 1182 eius,
2453 1099 2626 1163 aliae
2673 1117 2834 1162 vero
2874 1117 3100 1182 perso-

748 1225 874 1270 nae
923 1205 1204 1270 aliorum
1250 1205 1602 1287 hominum,
1650 1207 1746 1268 ita
1791 1223 1912 1268 nec
1958 1207 2027 1266 in
2077 1203 2208 1266 Deo
2253 1202 2684 1266 inhumanato
2731 1204 2891 1284 quiS,
2956 1206 3099 1284 post

747 1309 1373 1390 inhumanationem,
1400 1305 1744 1370 ostendere
1791 1311 2000 1389 potest
2043 1310 2352 1368 naturam
2395 1303 2958 1367 inhumanationis
2995 1323 3098 1367 so-

748 1410 879 1474 lam
951 1415 1063 1474 aut
1122 1414 1429 1473 naturam
1490 1408 1856 1473 divinitatis
1915 1407 2139 1472 solam.
2207 1406 2371 1470 Nam
2443 1405 2897 1470 inhumanatio
2967 1425 3102 1469 non

751 1515 979 1596 agnita
1026 1518 1125 1576 est
1169 1531 1315 1575 cum
1364 1511 1479 1575 Dei
1524 1530 1658 1575 non
1705 1515 1894 1593 esset,
1945 1529 2062 1574 neo
2123 1511 2296 1573 Deus
2356 1508 2546 1572 nobis
2609 1508 2940 1572 revelatus
3000 1513 3100 1572 est

750 1621 943 1680 extra
975 1634 1159 1678 suam
1191 1614 1828 1677 inhumanationem:
1869 1633 1906 1675 «
1931 1611 2028 1676 Re
2039 1611 2318 1675 velatum
2345 1618 2442 1675 est
2470 1632 2528 1690 »‚
2555 1613 2764 1694 inquit
2786 1610 3028 1674 Paulus
3055 1609 3092 1692 ¹,

756 1740 792 1782 ‹<
827 1720 1211 1802 mysterium
1258 1717 1518 1800 pietatis
1564 1716 1681 1780 Dei
1727 1718 1797 1778 in
1843 1735 2043 1780 earne
2077 1735 2135 1778 ³».
2171 1713 2356 1786 Quod
2385 1716 2444 1777 si
2473 1713 2768 1776 Verbum
2797 1715 2867 1776 in
2899 1731 3100 1777 carne

755 1821 1118 1885 revelatum
1165 1824 1280 1901 est,
1329 1819 1619 1882 Verbum
1653 1821 1829 1882 enim
1861 1817 2206 1900 Apostolus
2234 1819 2500 1881 vocavit
2533 1819 2916 1899 mysterium
2949 1819 3101 1898 quia

754 1922 1200 1988 absconditum
1248 1927 1411 2002 erat,
1460 1924 1525 1984 ei
1572 1923 1679 2004 qui
1725 1919 1886 1983 illud
1932 1925 2125 1984 extra
2171 1938 2438 1982 earnem
2487 1920 2760 2002 quaerit,
2811 1917 3098 1981 nondum

756 2025 1116 2089 revelatum
1166 2028 1296 2098 est;
1346 2027 1403 2086 si
1450 2026 1623 2086 enim
1669 2025 1742 2085 in
1787 2041 1911 2104 quo
1957 2021 2322 2085 revelatum
2369 2027 2483 2095 est,
2519 2019 2586 2083 id
2619 2025 2744 2100 est,
2785 2023 2854 2084 in
2901 2039 3101 2084 carne

755 2147 890 2202 sua,
938 2145 1072 2191 non
1119 2129 1471 2205 invenitur,
1520 2123 1699 2187 nullo
1747 2122 1938 2187 modo
1984 2127 2193 2206 potest
2239 2125 2309 2185 in
2355 2123 2486 2186 alio
2541 2125 2850 2186 inveniri.

842 2228 1251 2311 Quapropter
1294 2246 1503 2310 neque
1550 2226 1925 2290 Nestoriani
1971 2229 2237 2308 possunt
2285 2225 2485 2288 Deum
2532 2223 2823 2288 Verbum
2871 2226 2939 2286 in
2973 2223 3104 2286 alio

754 2334 1016 2397 homine
1064 2332 1384 2410 invenire,
1434 2327 1738 2412 quamdiu
1786 2347 1934 2390 eum
1981 2331 2302 2409 quaerunt
2349 2332 2540 2390 extra
2597 2329 2738 2390 eius
2803 2325 3105 2389 inhuma-

753 2439 1107 2516 nationem,
1157 2431 1694 2516 quemadmodum
1741 2434 1809 2494 in
1855 2430 2036 2494 nullo
2067 2449 2153 2494 ex
2185 2433 2372 2494 iustis
2403 2436 2468 2494 et
2499 2433 2760 2511 sanotiS,
2797 2447 2916 2512 per
2947 2449 3104 2511 quos

756 2537 1087 2602 revelatus
1132 2541 1248 2617 est,
1298 2538 1603 2598 inventus
1648 2538 1764 2596 est.
1814 2532 1897 2595 Et
1944 2551 2102 2596 sane
2149 2535 2348 2595 etiam
2411 2531 2581 2614 apud
2641 2531 2788 2594 illos
2849 2537 3101 2594 tantum

754 2641 954 2704 fuisse
1003 2641 1265 2721 agnitus
1312 2644 1429 2718 est,
1477 2656 1603 2700 non
1650 2655 1812 2699 vero
1857 2634 2102 2699 factum
2150 2654 2290 2698 esse
2339 2633 2606 2718 quilibet
2651 2651 2910 2709 eorum3
2946 2651 3100 2695 nam

758 2741 935 2808 aliud
981 2747 1079 2805 est
1126 2741 1327 2804 Deum
1375 2740 1663 2804 revelari
1709 2745 1775 2802 et
1821 2741 2092 2822 agnosci
2125 2741 2463 2820 exsistere,
2499 2737 2676 2802 aliud
2716 2742 2934 2801 autem
2965 2755 3107 2798 ore-

759 2844 915 2908 dere
962 2863 1110 2907 eum
1156 2841 1398 2906 factum
1447 2861 1587 2905 esse
1635 2840 1701 2904 id
1749 2839 1916 2924 quod
1964 2839 2296 2904 revelatus
2341 2845 2456 2904 est.
2506 2839 2629 2904 Hie
2690 2843 2908 2902 autem
2961 2856 3106 2900 cum

758 2949 827 3009 in
874 2964 1073 3009 earne
1123 2944 1453 3008 revelatus
1500 2950 1615 3023 est,
1662 2962 1794 3006 non
1840 2947 2094 3006 tantum
2141 2943 2460 3006 exsistere
2509 2944 2770 3024 agnitus
2817 2945 2932 3020 est,
2991 2937 3104 3002 sed

760 3051 959 3112 etiam
1004 3046 1246 3111 factum
1294 3065 1437 3110 esse
1482 3045 1549 3108 id
1596 3043 1763 3128 quod
1795 3046 2128 3128 apparuit;
2166 3041 2700 3127 quemadmodum
2733 3045 2870 3124 ipse
2911 3059 3107 3104 caeco

760 3149 928 3213 dixit
952 3147 1011 3212 ²:
1068 3168 1104 3212 ⁴<
1137 3148 1377 3212 Vidisti
1421 3147 1658 3210 Filium
1706 3147 1842 3227 Dei,
1893 3152 1958 3210 et
2003 3149 2112 3229 qui
2157 3145 2444 3228 loquitur
2486 3151 2701 3209 tecum
2749 3148 2884 3228 ipse
2921 3146 3102 3205 est».

760 3251 973 3334 Igitur
1018 3253 1074 3314 si
1133 3250 1374 3315 locutio
1436 3248 1582 3312 illa:
1638 3268 1674 3312 ⁴<
1709 3248 1880 3312 Deus
1938 3247 2405 3312 inhumanatus
2459 3252 2649 3329 est»,
2701 3243 2980 3310 ostendit
3041 3243 3108 3306 id

762 3353 928 3436 quod
975 3354 1145 3417 Deus
1190 3358 1289 3417 est
1334 3350 1435 3416 *et
1482 3351 1549 3415 id
1602 3351 1770 3435 quod
1831 3350 2042 3416 faetus
2103 3356 2219 3433 est,
2269 3356 2334 3414 et
2389 3347 2762 3414 manifestat
2809 3345 3110 3412 eumdem

760 3477 903 3522 esse
952 3457 1153 3520 Deum
1200 3462 1266 3520 et
1311 3457 1657 3537 homiuem,
1707 3453 2024 3539 quomodo
2071 3457 2212 3537 quis
2257 3459 2473 3537 posset
2519 3452 2680 3516 duas
2719 3458 2991 3516 naturas
3043 3453 3111 3514 in

762 3581 841 3625 eo
896 3559 1239 3622 admittere
1302 3561 1558 3622 ratione
1620 3559 1882 3620 unionis
1943 3576 2106 3640 quae
2167 3575 2256 3620 ex
2315 3554 2564 3619 duobus
2625 3551 2908 3618 conflata
2968 3551 3110 3616 est?

762 3663 928 3726 Eece
976 3664 1169 3742 enim,
1218 3663 1275 3724 si
1320 3657 1651 3724 confiteris
1696 3658 2302 3722 inhumanationem
2349 3676 2490 3720 esse
2537 3657 2654 3720 Dei
2702 3661 2768 3719 et
2813 3654 2976 3719 dicis
3013 3653 3108 3717 di-

761 3765 1105 3827 vinitatem
1150 3781 1293 3826 esse
1340 3759 1517 3824 illius
1561 3763 1669 3843 qui
1717 3760 2182 3823 inhumanatus
2227 3764 2344 3840 est,
2392 3763 2546 3822 tunc
2589 3775 2724 3820 non
2771 3755 3113 3820 dicendum

762 3872 861 3932 est
904 3865 1253 3948 Virginem
1299 3866 1625 3947 peperisse
1673 3863 2022 3943 hominem,
2071 3880 2279 3945 neque
2327 3861 2548 3942 Deum,
2599 3862 2656 3924 si
2717 3857 2970 3942 quidem
3027 3875 3114 3920 ex

762 3973 904 4053 ipsa
948 3987 1082 4032 non
1126 3967 1593 4030 inhumanatus
1638 3971 1756 4045 est,
1805 3984 2011 4049 neque
2061 3965 2261 4028 Deum
2308 3969 2373 4028 et
2427 3963 2760 4027 hominem
2821 3964 2892 4024 in
2954 3959 3113 4023 dua-

762 4072 883 4133 bus
926 4071 1183 4132 naturis
1228 4069 1507 4150 agnitos,
1557 4065 2094 4150 quemadmodum
2139 4065 2496 4146 Elisabeth,
2546 4083 2710 4147 quae
2752 4062 3113 4127 Iohannem

763 4174 1013 4257 peperit
1058 4174 1130 4234 in
1176 4191 1302 4254 quo
1343 4175 1493 4234 erat
1538 4169 1817 4254 Spiritus
1861 4173 2142 4250 sanctuS,
2189 4188 2322 4232 non
2369 4166 2560 4231 debet
2620 4167 2848 4230 vocari
2896 4165 3112 4248 aliquo

766 4294 851 4338 ex
897 4273 1001 4336 his
1045 4273 1435 4354 nominibus,
1484 4275 1623 4336 sive
1672 4275 1965 4355 genitrix
2011 4269 2288 4354 Spiritus
2333 4273 2474 4333 sive
2515 4271 2809 4352 genitrix
2839 4266 3118 4350 Spiritus

766 4380 831 4438 et
878 4375 1177 4438 hominis.
1227 4374 1485 4437 Etenim
1532 4373 1924 4437 inhabitatio
1971 4376 2040 4435 in
2073 4372 2203 4436 alio
2235 4374 2343 4455 qui
2372 4373 2668 4435 nascitur
2703 4371 3117 4434 nativitatem

862 4599 877 4626 ¹
913 4595 1000 4652 cf.
1036 4596 1057 4650 1
1105 4594 1273 4658 Tim..
1316 4611 1393 4660 ιιι,
1436 4597 1519 4649 16.
1560 4625 1627 4636 --
1664 4595 1687 4628 ²
1725 4596 1998 4656 IOHANN„
2033 4609 2114 4659 ιι,
2155 4595 2238 4649 37.

3157 1625 3219 1670 10

3163 2147 3222 2190 15

3163 3673 3232 3719 30

3168 4177 3234 4224 35
