3400 5642
176 1099 209 1143 5

155 1611 213 1656 10

164 2114 217 2160 15

1226 531 1671 618 «(185)»

358 675 745 740 Huiusmodi
790 693 1012 739 rerum
1060 677 1445 740 memoriam
1504 695 1762 759 semper
1805 677 1876 740 in
1920 675 2110 740 nobis
2170 677 2466 740 excitare
2512 672 2622 737 de-

268 781 532 845 bemus:
584 780 969 842 memoriam
1015 776 1266 841 scilicet
1296 780 1768 842 exinanitionis
1812 776 2204 858 plenissimi,
2237 776 2626 840 humilitatis

266 882 613 964 Altissimi,
646 882 982 944 servitutis
1012 878 1235 963 Regis,
1274 901 1311 943 «
1336 877 1481 944 fieri
1507 901 1543 943 »
1578 879 1756 944 illius
1785 881 1894 962 qui
1917 885 2036 961 est,
2060 881 2428 944 nativitatis
2449 878 2626 942 illius

268 987 381 1067 qui
430 986 693 1067 genitus
736 988 853 1063 est,
904 980 1307 1046 educationis
1350 981 1529 1046 illius
1574 985 1683 1064 qui
1715 986 1813 1045 est
1858 979 2202 1064 perfectuS,
2251 982 2626 1064 passionum

268 1084 716 1171 Impassibilis,
765 1087 997 1149 mortis
1042 1083 1220 1147 illius
1266 1087 1375 1167 qui
1412 1087 1722 1148 immunis
1764 1090 1863 1148 est
1895 1103 1936 1148 a
1979 1089 2209 1165 morte,
2257 1087 2351 1147 ita
2396 1087 2488 1163 ut,
2521 1083 2626 1146 bis

266 1187 785 1272 cogitationibus
814 1186 1183 1267 illuminati,
1218 1185 1653 1250 admiratione
1684 1188 2084 1269 scientiaque
2114 1185 2338 1250 divina
2371 1185 2624 1269 replea-

268 1311 437 1356 mur.
489 1289 959 1373 Relinquamus
1004 1307 1168 1372 ergo
1213 1288 1405 1353 illud:
1461 1310 1498 1352 «
1528 1288 1820 1353 Verbum
1867 1308 2024 1353 caro
2055 1288 2298 1353 factum
2332 1293 2430 1352 est
2460 1309 2521 1368 »,
2553 1289 2623 1351 in

266 1394 612 1477 Scriptura
660 1395 958 1476 positum,
1006 1394 1199 1455 sicuti
1244 1396 1374 1467 est;
1424 1410 1633 1474 neque
1664 1393 2034 1455 minuamus
2078 1410 2285 1474 neque
2331 1395 2625 1456 coarcte-

270 1517 419 1561 mus
466 1514 589 1580 per
634 1496 1246 1578 interpretationem
1275 1513 1439 1577 quae
1471 1492 1632 1556 illud
1662 1513 1796 1557 non
1842 1492 2058 1569 decet;
2109 1495 2218 1577 qui
2257 1495 2432 1556 enim
2477 1512 2628 1575 pro-

268 1597 525 1681 digium
548 1599 1039 1679 interpretatur,
1074 1594 1416 1658 evidenter
1444 1597 1675 1658 minuit
1707 1597 1848 1658 eius
1880 1593 2401 1676 admirationem,
2433 1592 2624 1658 simul

268 1705 465 1783 atque
496 1697 779 1763 ostendit
808 1696 969 1761 illud
1000 1715 1133 1761 non
1164 1717 1307 1761 esse
1338 1696 1726 1780 prodigium.
1761 1697 2172 1781 Quapropter
2201 1696 2349 1760 illa:
2396 1717 2431 1758 «
2457 1696 2628 1760 Ver-

266 1801 426 1865 bum
472 1819 631 1864 caro
676 1799 920 1864 factum
968 1805 1085 1880 est,
1134 1804 1199 1862 et
1244 1801 1483 1864 mansit
1530 1799 1699 1863 Deus
1731 1820 1790 1881 »,
1839 1798 2144 1882 quamdiu
2173 1818 2308 1862 non
2339 1798 2628 1882 explica-

270 1904 539 1984 buntur,
567 1902 1002 1968 admiratione
1034 1922 1155 1966 nos
1184 1901 1561 1985 implebunt,
1588 1902 1940 1966 movebunt
1970 1904 2041 1964 in
2061 1902 2252 1966 nobis
2275 1907 2624 1985 stuporem,

270 2006 733 2089 augebuntque
780 2007 851 2067 in
894 2004 1085 2069 nobis
1114 2003 1375 2068 laudem
1422 2010 1486 2068 et
1520 2007 1890 2088 gratiarum
1921 2007 2244 2068 actionem
2275 2023 2438 2087 erga
2476 2023 2625 2068 eum

272 2110 391 2191 qui
436 2107 649 2172 factus
696 2111 811 2170 est.
861 2106 1120 2170 Etenim
1152 2109 1209 2171 si
1256 2107 1426 2170 Deus
1456 2105 1716 2171 dicatur
1743 2105 2072 2170 hominem
2105 2109 2450 2190 sumpsisse
2481 2110 2629 2168 tan-

270 2215 432 2292 tum,
466 2209 593 2273 hoc
624 2211 821 2272 nimis
852 2207 1231 2292 imperfecte
1264 2207 1544 2272 ostendit
1576 2210 1932 2291 potentiam
1955 2213 2021 2271 et
2051 2208 2440 2272 charitatem
2473 2208 2623 2281 Dei;

268 2331 409 2376 non
456 2315 677 2376 autem
722 2313 781 2374 si
826 2311 996 2374 Deus
1026 2310 1337 2375 credatur
1366 2310 1699 2374 hominem
1736 2310 1982 2374 factum
2027 2329 2168 2374 esse
2215 2310 2456 2393 absque
2487 2329 2628 2372 mu·-

270 2416 543 2478 tatione.
612 2413 777 2476 Nam
832 2411 1001 2496 quod
1067 2434 1102 2475 «
1134 2411 1347 2477 factus
1407 2419 1573 2476 est»
1646 2413 2040 2476 charitatem
2109 2415 2250 2476 eius
2309 2411 2626 2486 ostendit;

270 2515 446 2600 quod
491 2535 654 2580 vero
698 2537 737 2579 ⁴<
770 2515 981 2580 factus
1028 2521 1127 2579 est
1172 2535 1318 2579 cum
1366 2518 1800 2596 exsisteret»,
1842 2520 1906 2579 et
1954 2514 2122 2598 quod
2171 2536 2208 2578 «
2241 2535 2383 2578 011111
2418 2514 2630 2578 factus

275 2622 367 2684 sit
404 2638 536 2683 non
584 2624 685 2682 est
728 2622 1015 2681 mutatus
1037 2638 1099 2699 »,
1132 2621 1443 2681 virtutem
1474 2619 1617 2682 eius
1646 2615 2124 2692 manifestavit3
2161 2616 2322 2681 illud
2356 2638 2391 2679 «
2418 2617 2630 2681 factus

271 2726 377 2786 est
408 2742 445 2784 »
497 2720 823 2785 voluntati
868 2723 1011 2784 eius
1056 2723 1380 2801 convenit,
1430 2720 1555 2784 1100
1602 2725 1820 2784 autem
1879 2741 1916 2783 «
1948 2738 2080 2784 11011
2127 2725 2412 2784 mutatus
2457 2724 2624 2783 est»

269 2843 481 2888 verae
528 2822 827 2887 firmitati
886 2822 1434 2888 immutabilitatis
1493 2826 1653 2904 eius,
1717 2842 1908 2906 quam
1955 2823 2154 2887 habet
2213 2822 2626 2904 naturaliter,

269 2928 602 3008 congruit.
652 2925 736 2989 Et
782 2928 933 3009 quia
978 2924 1159 2988 nulla
1191 2927 1627 2990 contrarietas
1656 2928 1730 2988 in
1773 2926 1908 2989 Deo
1953 2929 2072 3007 est,
2112 2929 2353 2988 natura
2398 2924 2630 2988 volun-

271 3035 481 3092 tatem
528 3046 661 3092 non
708 3027 969 3092 cohibet
1014 3047 1097 3090 110
1144 3026 1305 3092 velit
1336 3028 1530 3092 homo
1560 3026 1726 3108 fieri,
1775 3047 1898 3092 nec
1927 3027 2232 3091 voluntas
2261 3029 2396 3090 vim
2427 3025 2628 3089 infert

270 3136 577 3211 naturae,
624 3135 697 3194 ut
741 3148 886 3193 cum
934 3127 1141 3210 fieret,
1188 3133 1557 3193 mutaretur
1602 3130 1685 3193 ab
1717 3149 1796 3194 eo
1827 3129 1995 3212 quod
2027 3134 2126 3192 est
2163 3129 2348 3192 Deus.
2392 3128 2624 3191 Huius—

270 3231 454 3298 modi
500 3233 697 3296 rebus
743 3231 1024 3296 ostendit
1069 3251 1139 3295 se
1184 3230 1351 3295 nihil
1384 3251 1691 3296 recusare
1738 3239 1811 3296 111
1855 3232 2184 3296 hominem
2237 3229 2623 3295 vivificaret.

271 3336 356 3398 Et
404 3337 558 3418 quia
604 3338 703 3399 est
763 3335 935 3398 Deus
994 3333 1409 3415 naturaliter,
1470 3332 1748 3398 *mansit
1807 3333 1874 3397 id
1935 3333 2102 3418 quod
2154 3339 2251 3398 est
2312 3336 2511 3398 etiam
2557 3335 2628 3396 111
2721 3374 2737 3390 .

272 3443 589 3522 quantum
634 3436 831 3500 homo
877 3436 1089 3500 factus
1118 3441 1233 3500 est.
1284 3435 1450 3500 Nam
1480 3436 1976 3501 immutabilitas
2007 3435 2091 3502 ad
2121 3442 2428 3500 naturam
2465 3437 2626 3513 eius,

276 3565 315 3598 α
348 3537 501 3603 fieri
533 3559 569 3601 »
617 3557 781 3602 vero
826 3537 911 3602 ad
956 3537 1360 3603 voluntatem
1422 3542 1487 3602 et
1533 3538 1925 3602 charitatem
1987 3541 2128 3602 eius
2180 3541 2481 3621 pertinet.
2545 3537 2629 3600 Et

270 3645 429 3726 quia
476 3643 831 3704 immensus
876 3646 975 3706 est
1022 3660 1210 3706 amor
1252 3644 1412 3722 eius,
1459 3640 1687 3705 forsan
1735 3643 1978 3704 mutari
2014 3645 2280 3724 propter
2323 3659 2443 3704 nos
2494 3658 2628 3704 non

270 3749 667 3825 recusasset,
709 3745 767 3806 si
794 3750 1035 3810 natura
1066 3747 1209 3808 eius
1238 3763 1449 3826 capax
1480 3745 1860 3806 mutationis
1887 3741 2135 3806 fuisset.
2171 3742 2354 3806 Nunc
2387 3746 2626 3823 autem,

270 3850 521 3910 natura
566 3864 685 3909 sua
729 3847 801 3908 in
845 3845 1035 3909 bonis
1078 3844 1535 3909 essentialibus
1580 3863 1746 3928 quae
1799 3844 2193 3908 naturaliter
2237 3844 2438 3908 habet
2482 3863 2630 3927 per-

270 3951 604 4028 manente,
652 3967 771 4030 per
815 3946 1217 4011 voluntatem
1248 3946 1405 4011 fecit
1450 3966 1530 4010 ea
1560 3966 1726 4029 quae
1761 3965 2051 4010 amorem
2093 3965 2279 4010 suum
2312 3945 2630 4010 decebant

271 4055 341 4114 01
390 4048 883 4114 misericordiae
932 4069 1088 4114 suae
1136 4048 1385 4114 divitiis
1414 4049 1910 4113 conveniebant.
1963 4050 2041 4111 Et
2072 4050 2222 4132 quia
2266 4067 2399 4112 non
2438 4051 2629 4112 susti-

272 4153 426 4218 nuit
470 4154 830 4235 imaginem
876 4171 1061 4216 suam
1092 4157 1285 4216 extra
1332 4155 1613 4235 seipsum
1644 4151 1892 4233 videre,
1927 4151 2390 4214 inhumanatus
2434 4156 2533 4213 est
2565 4155 2630 4213 et

272 4254 407 4318 sibi
453 4255 725 4338 sumpsit
770 4253 1259 4318 similitudinem
1304 4258 1629 4329 nostram;
1680 4252 1792 4318 ille
1839 4255 1966 4336 qui,
2013 4259 2086 4318 ut
2129 4252 2316 4333 liber,
2348 4251 2628 4316 formam

275 4356 403 4420 Dei
447 4355 752 4437 habebat,
800 4358 980 4420 servi
1026 4355 1515 4420 similitudinem
1560 4354 1717 4420 10011
1761 4373 1966 4420 suam.
2007 4355 2088 4419 Et
2135 4357 2304 4438 quia,
2351 4359 2422 4417 ut
2467 4352 2628 4434 dixi,

273 4457 877 4523 immutabilitatem
907 4457 1107 4523 habet
1136 4457 1547 4540 naturaliter,
1580 4461 1840 4539 mansit,
1873 4461 2070 4521 etiam
2103 4456 2216 4520 ubi
2260 4456 2471 4520 factus
2509 4463 2628 4537 est,

274 4565 349 4624 in
374 4560 905 4624 immutabilitate
930 4580 1123 4644 quam
1146 4560 1366 4642 habet,
1390 4562 1543 4643 quia
1572 4565 1644 4622 ut
1676 4561 1846 4623 Deus
1877 4562 2275 4642 agnoscitur,
2323 4565 2390 4624 et
2419 4558 2632 4623 factus
