3400 5642
1295 550 1407 633 -zzz
1453 545 1540 611 43
1587 549 1699 634 >x—

320 696 479 755 tunc
526 702 760 775 corpus
806 691 890 755 ad
943 680 1297 755 humanam
1359 696 1684 774 naturam,
1736 697 1801 755 et
1847 710 1989 755 esse
2050 691 2546 773 incompositum
2592 688 2677 753 ad

323 792 604 857 alteram
649 798 958 857 naturam
1001 796 1334 877 pertinere
1382 796 1815 876 inveniretur,
1865 790 2401 876 quemadmodum
2433 790 2674 855 dictum

323 900 424 959 est
461 894 515 959 ¹:
557 911 594 959 ‹<
627 894 905 979 Spiritus
951 900 1050 959 est
1095 896 1267 959 Deus
1301 916 1373 971 »ς
1425 900 1490 959 et
1536 895 1912 959 humanitas
1944 893 2471 978 et‘corporalitas
2502 890 2675 957 diceb

320 1002 556 1061 rentur
601 996 688 1061 de·
730 988 808 1061 eo
853 1000 964 1081 qui
1009 997 1405 1061 naturaliter
1450 997 1644 1062 homo
1671 1002 1793 1061 est.
1833 997 1911 1061 Ut
1944 986 2191 1081 opinor,
2226 1014 2456 1061 vocem
2490 994 2677 1059 illam

179 1112 188 1122 ·
229 1115 264 1159 5
309 1120 365 1164 ·<
400 1099 833 1183 corporalitas
867 1120 902 1163 »
953 1104 1019 1163 et
1071 1120 1106 1163 ‹<
1155 1100 1532 1163 humanitas
1579 1120 1638 1181 »,
1689 1118 1853 1183 quae
1898 1098 2121 1163 Verbo
2166 1117 2299 1161 non
2344 1099 2672 1178 convenit,

261 1280 264 1284 Α
315 1203 468 1265 iure
517 1198 647 1273 dici
692 1221 879 1286 posse
934 1201 1014 1265 de
1069 1200 1361 1286 Spiritali
1414 1204 1760 1267 incarnato
1814 1207 1880 1265 et
1914 1200 2013 1265 ·de
2066 1202 2199 1265 Deo
2246 1200 2675 1263 inhumanato

309 1289 746 1367 ‘manifestum
793 1308 912 1386 est,
961 1305 1110 1387 quia
1159 1322 1303 1367 cum
1349 1308 1651 1367 neutram
1697 1302 1937 1366 harum
1988 1301 2383 1366 naturaliter
2412 1301 2673 1381 habeat,

316 1410 394 1469 ‘et
417 1425 487 1469 se
518 1406 891 1470 >exinanivit
917 1411 981 1469 et
1012 1408 1394 1471 incarnatus
1426 1410 1523 1469 est
1547 1410 1613 1469 et
1641 1405 2109 1469 inhumanatus
2132 1409 2249 1486 est,
2268 1404 2579 1487 *utraque
2613 1404 2676 1466 ei
2768 1452 2785 1467 .

315 1526 412 1571 ex
457 1508 655 1571 rebus
701 1510 1042 1572 convenit:
1093 1526 1178 1571 ex
1223 1509 1677 1571 incarnatione
1726 1506 2183 1592 corporalitaS,
2234 1511 2299 1571 et
2349 1526 2437 1569 vex
2483 1503 2675 1568 inhu-

185 1614 268 1669 '10
323 1612 701 1673 manatione
749 1609 1141 1673 humanitas.
1191 1608 1274 1672 Et
1319 1612 1490 1692 quia,
1539 1628 1683 1672 cum
1730 1607 1943 1673 factus
1988 1614 2087 1673 est
2117 1609 2330 1690 hom0,
2364 1626 2497 1671 non
2536 1624 2674 1669 mu-

313 1716 500 1775 tatus
547 1716 645 1775 est
691 1712 775 1775 ab
837 1731 916 1775 eo
962 1711 1130 1795 quod
1177 1716 1273 1776 est
1334 1712 1522 1787 Deus,
1589 1715 2063 1795 consequenter
2122 1709 2516 1775 credendum
2578 1712 2677 1771 est

323 1813 498 1877 idem
545 1834 686 1878 esse
733 1814 904 1877 Deus
951 1818 1015 1878 et
1060 1814 1274 1896 homo,
1321 1813 1614 1877 Verbum
1646 1818 1711 1877 et
1744 1831 1917 1878 caro,
1954 1812 2213 1876 Etenim
2244 1815 2303 1875 si
2331 1829 2465 1876 non
2503 1810 2677 1874 idem

327 1921 499 1982 esset
543 1917 714 1981 Deus
761 1921 827 1979 et
872 1916 1066 1980 homo
1115 1904 1254 1979 sine
1302 1918 1680 1998 mutatione,
1728 1900 1936 1999 neque
1982 1915 2182 1979 homo·
2216 1915 2405 1978 Deus*
2434 1914 2673 1996 absque

325 2020 776 2101 conversione,
826 2018 940 2081 sed
987 2018 1155 2081 alius
1216 2018 1323 2081 hic
1371 2024 1435 2081 et
1497 2018 1664 2081 alius
1710 2018 1841 2101 ille,
1892 2016 2058 2101 quod
2120 2015 2376 2100 quidem
2434 2016 2675 2080 locutio

205 2133 270 2178 15
323 2119 443 2184 illa
493 2141 530 2183 ‹<
563 2119 732 2184 duae
778 2124 1054 2183 naturae
1091 2140 1149 2201 »,
1191 2139 1384 2203 quam
1415 2119 1487 2182 hi
1516 2117 1923 2203 profitentur,
1956 2125 2077 2183 n'os
2108 2122 2375 2201 cogeret
2406 2118 2673 2197 sentire,

325 2222 440 2286 ubi
487 2228 656 2287 esset
702 2224 858 2285 unio
906 2241 1097 2306 quam
1143 2224 1267 2305 ipsi
1311 2222 1650 2287 nobiscum
1696 2219 2129 2285 confitentur?
2161 2220 2285 2285 Ubi
2318 2218 2675 2303 corporali-

325 2330 430 2389 tas
477 2330 542 2389 et
586 2322 1006 2387 humanitas?
1052 2322 1220 2388 Nam
1264 2326 1452 2387 iuxta
1499 2342 1728 2387 eorum
1776 2322 2185 2406 sententiam,
2220 2322 2512 2387 Verbum
2541 2328 2675 2384 non

327 2431 426 2489 est
471 2429 888 2490 incarnatum
951 2430 1015 2490 et
1061 2426 1560 2489 inhumanatum
1619 2431 1690 2489 ‘ut
1753 2425 1919 2489 haec
1964 2427 2199 2489 merito
2246 2428 2553 2508 putentur
2578 2420 2677 2486 'ad

325 2532 537 2612 ipsum
583 2531 934 2613 pertinere.
984 2527 1178 2592 Clare
1227 2548 1407 2611 ergo,
1456 2533 1527 2591 ut
1574 2530 1824 2611 opinor,
1860 2514 2372 2591 demonstratum
2404 2531 2521 2608 est,
2554 2544 2677 2589 nec

206 2636 272 2690 20
325 2636 538 2715 potest
584 2632 709 2695 hac
747 2629 826 2695 de
875 2652 947 2695 re
994 2631 1076 2695 lis
1124 2634 1395 2713 moveri,
1421 2635 1727 2695 neutram
1771 2631 2010 2695 harum
2056 2620 2411 2695 convenire
2460 2632 2522 2693 ei
2569 2630 2677 2712 qui

309 2732 724 2797 ‘naturaliter
769 2751 1004 2817 corpus
1049 2738 1148 2797 est
1194 2752 1308 2796 seu
1354 2718 1568 2815 hom0,
1621 2750 1747 2796 nec
1799 2751 2060 2795 rursum
2106 2732 2259 2813 Deo,
2314 2733 2444 2793 nisi
2494 2732 2677 2813 prius

314 2830 794 2900 inhumanatus
840 2840 1255 2919 agnoscatur.
1928 2814 1938 2832 ’

416 2934 936 3021 Intellegendum
982 2941 1200 3000 autem
1247 2942 1350 3001 est⁴
1376 2939 1595 3001 omnia
1639 2935 1813 2999 bona
1859 2954 2023 3019 quae
2071 2936 2455 3018 accepimus,
2487 2932 2678 2997 nobis

325 3056 448 3124 per
491 3040 1098 3103 inhumanationem
1143 3039 1263 3103 Dei
1308 3056 1392 3103 ex
1437 3038 1628 3102 nobis
1672 3056 1982 3101 concessa
2027 3056 2189 3101 esse.
2239 3035 2308 3100 Si
2361 3039 2497 3119 ipse
2544 3051 2677 3100 non

209 3146 271 3201 25
317 3140 542 3206 factus
574 3146 671 3205 est
702 3141 917 3223 hom0,
949 3160 1072 3205 nec
1095 3160 1215 3205 nos
1239 3161 1356 3225 per
1385 3143 1596 3224 ipsum
1621 3144 1684 3203 et
1708 3142 1778 3203 in
1802 3142 1941 3223 ipso
1964 3138 2125 3203 facti
2146 3158 2367 3203 sumus
2390 3136 2508 3202 filii
2538 3137 2677 3217 Dei,

327 3264 452 3309 nec
497 3243 1008 3328 redemptionem
1053 3262 1176 3308 nec
1220 3242 1593 3307 libertatem
1640 3242 1859 3327 adepti
1902 3249 2143 3323 sumUS,
2190 3260 2313 3305 nec
2342 3244 2679 3304 immorta-

327 3345 426 3410 les
473 3366 557 3410 ex
605 3345 988 3409 mortalibus
1016 3344 1176 3409 facti
1209 3365 1447 3427 sumus,
1480 3364 1604 3409 nec
1635 3344 2051 3408 maledictum
2085 3343 2373 3407 ablatum
2406 3346 2521 3424 est,
2554 3360 2677 3405 nec
2736 3345 2765 3381 “-·’
2796 3366 2801 3373 ·
2842 3375 2847 3383 -

329 3451 656 3512 sententia
702 3447 930 3530 soluta,
963 3466 1086 3511 nec
1135 3446 1217 3511 ad
1248 3446 1724 3511 haereditatem
1756 3445 2134 3509 caelestium
2180 3447 2399 3509 vocati
2436 3462 2674 3525 sumuS,

327 3569 452 3614 nec
497 3553 568 3613 in
613 3549 746 3614 ullo
794 3548 1162 3633 glorificati,
1213 3554 1276 3613 et
1321 3548 1548 3613 forsan
1595 3551 1794 3613 etiam
1838 3550 1889 3611 ii
1936 3550 2043 3631 qui
2088 3532 2159 3610 in
2204 3546 2467 3609 Christo
2500 3532 2678 3608 'dor-

195 3662 273 3713 ‘ao
329 3654 617 3716 mierunt
661 3654 1015 3735 perierunt,
1065 3655 1130 3714 et
1175 3670 1350 3715 vana
1398 3655 1494 3715 est
1541 3648 1944 3733 praedicatio
1990 3648 2447 3732 Apostolorum
2487 3650 2550 3710 et
2603 3644 2677 3709 fi-

329 3753 446 3818 des
488 3760 716 3818 nostra
762 3772 953 3836 quam
1001 3752 1084 3816 ab
1132 3755 1228 3816 eis
1275 3754 1658 3835 accepimus.
1709 3750 1980 3815 Constat
2026 3753 2200 3815 enim
2244 3748 2414 3813 nihil
2444 3748 2678 3813 horum

329 3859 627 3921 evenisse
667 3859 724 3920 si
755 3854 1135 3939 repudietur
1165 3854 1620 3918 inhumanatio
1653 3860 1719 3918 et
1750 3853 2088 3917 scindatur
2116 3855 2289 3916 uni0.
2326 3850 2485 3923 Quis
2517 3870 2679 3934 ergo

327 3961 472 4023 sine
518 3964 803 4023 tremore
853 3956 1110 4021 audiret
1155 3957 1577 4039 Unigenitum
1625 3942 2099 4020 numerandum
2134 3975 2275 4019 esse
2306 3954 2453 4037 duo,
2488 3958 2553 4017 et
2584 3950 2679 4016 di-

327 4059 602 4125 midium
647 4062 787 4123 eius
833 4062 1203 4123 existimari
1249 4058 1451 4122 Deum
1483 4063 1548 4121 et
1581 4053 1917 4121 dimidium
1950 4058 2300 4139 hominem,
2342 4053 2680 4119 dimidium

197 4178 272 4222 ‘35
321 4161 712 4226 Creatorem
759 4166 824 4225 et
856 4160 1193 4225 dimidium
1224 4166 1616 4243 creaturam,
1651 4164 1717 4223 et
1746 4178 1947 4223 unam
1977 4150 2229 4243 partem
2262 4178 2403 4221 esse
2449 4175 2678 4219 verum

328 4265 556 4346 Deum,
605 4268 669 4327 et
725 4262 1001 4327 alteram
1065 4262 1268 4325 Deum
1322 4260 1811 4346 metaphorice?
1873 4259 1941 4323 Si
1988 4265 2204 4325 autem
2264 4262 2483 4323 unitas
2527 4255 2681 4341 *per
2732 4343 2734 4345 q
2776 4297 2791 4313 ·

325 4384 672 4431 numerum
705 4364 1095 4446 destruetur,
1130 4366 1224 4428 ita
1257 4363 1511 4447 quidem
1553 4362 1962 4427 sentiendum
1995 4364 2141 4425 erit.
2176 4361 2342 4425 Nam
2374 4358 2679 4444 quemad-

421 4590 439 4618 ¹
466 4587 692 4653 Ionam„
727 4600 808 4650 Ν,
844 4589 932 4642 24.
