3400 5642
1591 459 2039 543 «184st

638 610 846 689 potest
894 625 1076 669 mens
1122 605 1254 687 illa,
1305 625 1469 690 quae
1516 608 1584 668 in
1632 623 1834 668 carne
1874 603 2241 686 languescit
2287 609 2352 666 et
2383 605 2697 686 agitatur,
2746 622 2987 687 cogno-

636 726 819 771 scere
853 707 1020 790 quod
1052 707 1173 771 soli
1222 709 1353 772 Deo
1386 712 1682 792 apertum
1717 704 1856 770 est?
1892 705 2210 769 Debemus
2239 707 2446 788 igitur
2476 703 2645 788 quod
2675 707 2985 788 scriptum

635 828 767 872 non
814 814 912 872 est
956 811 1189 891 vitare,
1239 814 1465 873 tenere
1513 813 1736 872 autem
1781 813 1846 872 et
1877 806 2147 871 credere
2179 826 2344 890 quae
2383 809 2628 890 scripta
2660 812 2828 871 sunt.
2862 805 2987 878 Qui

570 974 593 988 ,
636 913 808 974 enim
858 930 937 974 ea
984 931 1146 995 quae
1195 914 1437 995 scripta
1484 916 1632 975 sunt
1686 908 2052 992 confitetur,
2118 909 2691 992 reprehensionem
2745 911 2985 973 avertit

637 1033 675 1076 a
724 1033 791 1076 se
840 1014 1086 1096 sibique
1136 1013 1507 1097 apologiam
1555 1013 1874 1078 adversus
1905 1013 2253 1096 quemlibet
2285 1017 2735 1077 accusatorem
2773 1018 2981 1096 parat.

636 1116 750 1178 Dic
783 1135 945 1199 ergo
977 1136 1124 1180 cum
1156 1116 1443 1180 Iohanne
1478 1115 1920 1199 evangelista:
1961 1136 1996 1177 «
2021 1115 2313 1179 Verbum
2344 1135 2502 1179 caro
2525 1114 2770 1179 factum
2801 1120 2898 1178 est
2924 1137 2983 1196 »,

636 1225 699 1281 et
740 1221 889 1302 quia
921 1238 1053 1283 non
1086 1221 1298 1302 posuit
1327 1218 1586 1283 modum
1620 1238 1744 1302 quo
1775 1217 2021 1282 factum
2051 1223 2168 1300 est,
2200 1216 2339 1282 noli
2362 1216 2689 1302 quidpiam
2721 1216 2983 1280 addere.

636 1320 906 1402 RursuS,
955 1320 1166 1385 clama
1214 1341 1362 1385 cum
1407 1321 1613 1386 Paulo
1647 1321 1698 1384 ¹:
1754 1341 1790 1385 ⁴<
1824 1321 2001 1384 Misit
2049 1321 2218 1384 Deus
2256 1320 2493 1384 Filium
2525 1340 2713 1384 suum
2742 1319 2988 1384 factum

636 1443 723 1486 ex
768 1423 1043 1487 muliere
1070 1444 1129 1506 »,
1178 1428 1244 1487 et
1290 1443 1517 1487 rursus
1542 1425 1600 1487 ²:
1655 1443 1691 1487 ⁴<
1729 1423 1906 1486 Misit
1955 1424 2123 1487 Deus
2176 1423 2414 1486 Filium
2461 1443 2648 1486 suum
2695 1424 2765 1485 in
2811 1424 2988 1485 simi-

635 1522 971 1588 litudinem
1002 1521 1259 1588 *carnis
1290 1528 1558 1608 peccati,
1609 1529 1674 1589 et
1707 1529 1973 1608 propter
2003 1531 2336 1608 peccatum
2368 1530 2438 1587 ut
2470 1523 2815 1588 damnaret
2846 1543 2989 1607 pec-

636 1634 852 1690 catum
900 1630 968 1690 in
1015 1647 1215 1691 carne
1263 1647 1381 1691 sua
1415 1648 1487 1704 »ς
1539 1626 1654 1692 sed
1698 1647 1784 1691 ne
1833 1647 2112 1711 quaeras
2157 1631 2327 1692 scire
2375 1628 2691 1711 quomodo
2753 1630 2988 1690 missus

636 1729 837 1793 fuerit
862 1732 969 1813 qui
994 1733 1213 1793 omnia
1244 1729 1470 1814 implet
1500 1735 1565 1794 et
1600 1733 1669 1794 in
1703 1733 1879 1794 omni
1909 1729 2053 1794 loco
2086 1735 2203 1813 est,
2237 1729 2343 1793 vel
2369 1750 2492 1813 quo
2524 1733 2759 1794 missus
2788 1729 2989 1793 fuerit

638 1851 782 1895 cum
830 1831 1045 1895 nullus
1089 1830 1271 1896 locus
1317 1833 1401 1896 ab
1448 1853 1525 1897 eo
1572 1853 1820 1896 vacuus
1851 1835 1955 1915 sit,
1989 1831 2095 1896 vel
2143 1831 2459 1916 quomodo
2491 1834 2661 1895 mitti
2705 1835 2988 1916 potuerit

637 1953 783 1996 cum
830 1939 1003 1997 totus
1048 1937 1117 1996 in
1163 1934 1362 1998 Patre
1409 1938 1495 1999 sit
1540 1939 1605 1999 et
1650 1935 1854 1999 Pater
1883 1937 2082 1998 etiam
2115 1938 2288 1998 totus
2333 1937 2403 1997 in
2450 1954 2528 1998 eo
2567 1939 2983 2017 agnoscatur.

637 2035 1020 2099 Huiusmodi
1066 2039 1240 2099 enim
1288 2035 1824 2120 indagationibus
1868 2034 2029 2100 fides
2072 2055 2205 2101 non
2252 2039 2604 2117 invenitur,
2663 2036 2777 2100 sed
2823 2055 2987 2118 quae
3074 2064 3104 2093 ο

637 2137 918 2200 habetur
963 2140 1220 2220 penitus
1266 2137 1535 2202 tollitur.
1590 2159 1625 2200 «
1658 2138 1839 2202 Fieri
1872 2159 1907 2201 »
1960 2141 2136 2202 enim
2183 2138 2468 2201 hominis
2524 2157 2659 2201 non
2705 2145 2802 2202 est
2850 2158 2992 2222 my-

639 2243 932 2320 sterium,
982 2243 1239 2304 etiamsi
1285 2245 1547 2323 putetur
1594 2244 1734 2305 sine
1775 2243 2080 2324 coniugio
2128 2246 2353 2316 natus;
2403 2246 2467 2303 et
2514 2243 2571 2303 si
2600 2239 2669 2304 id
2713 2260 2845 2305 non
2878 2259 2992 2324 ap-

639 2341 1104 2425 prehendatur,
1152 2362 1286 2406 non
1333 2342 1484 2407 inde
1532 2350 1630 2407 est
1677 2344 1845 2427 quod
1878 2347 2261 2428 mysterium
2309 2347 2411 2426 sit,
2445 2342 2559 2407 sed
2591 2342 2758 2426 quod
2790 2362 2989 2426 opera

638 2444 756 2507 Dei
802 2445 1490 2528 incomprehensibilia
1538 2449 1685 2509 sint.
1751 2447 1865 2510 Est
1928 2453 2145 2510 autem
2206 2444 2595 2530 prodigium,
2645 2445 2812 2528 quod
2857 2465 2991 2508 non

638 2544 848 2609 solum
895 2546 1266 2610 hominibus
1312 2547 1424 2611 sed
1471 2551 1670 2612 etiam
1711 2539 2425 2613 virtutibus'caelorum
2458 2548 2756 2612 omnibus
2786 2546 2992 2611 admi-

641 2649 963 2710 rationem
1012 2650 1235 2729 movit,
1284 2648 1488 2712 Deum
1549 2652 1617 2712 in
1665 2654 1853 2714 utero
1909 2649 2260 2732 habitasse,
2308 2652 2378 2712 in
2425 2648 2625 2712 vulva
2670 2648 2991 2713 inclusum

638 2747 859 2831 fuisse,
909 2753 1096 2813 carni
1144 2750 1471 2815 humanae
1517 2755 1771 2815 unitum
1819 2771 1980 2834 esse,
2029 2755 2446 2815 incarnatum
2493 2757 2557 2814 et
2603 2751 2994 2814 inhumana-

637 2857 774 2913 tum
824 2871 985 2935 esse,
1036 2858 1102 2917 et
1146 2872 1419 2935 puerum
1468 2873 1551 2916 ex
1599 2853 1873 2918 muliere
1906 2857 2210 2918 exivisse.
2248 2852 2573 2937 Scriptum
2603 2860 2704 2916 est
2733 2873 2845 2917 eos
2883 2855 2991 2935 qui

638 2952 1024 3017 Bethlehem
1071 2974 1217 3018 eum
1278 2961 1505 3019 natum
1566 2955 1893 3039 viderunt,
1942 2957 2033 3019 ibi
2079 2959 2142 3020 ei
2188 2954 2415 3020 laudes
2461 2955 2778 3019 clamasse
2841 2957 2990 3038 quia

640 3054 1073 3120 admiratione
1101 3057 1333 3142 repleti
1357 3063 1548 3122 erant
1565 3063 1832 3142 propter
1854 3058 2225 3142 prodigium
2249 3056 2417 3142 quod
2441 3057 2762 3121 viderant.
2790 3057 2991 3120 Debet

639 3160 837 3221 etiam
888 3161 1098 3222 omnis
1143 3160 1337 3225 homo
1385 3163 1539 3226 vivo
1572 3160 1907 3225 intellectu
1939 3160 2273 3245 praeditus
2302 3163 2397 3224 ita
2436 3180 2660 3244 agere,
2694 3163 2749 3223 si
2781 3179 2992 3243 capax

640 3261 723 3323 sit
771 3260 895 3324 hoc
941 3261 1313 3345 prodigium
1374 3263 1808 3347 percipiendi;
1874 3263 2064 3328 debet
2127 3283 2166 3327 a
2221 3283 2290 3327 se
2338 3267 2650 3327 excutere
2696 3282 2992 3326 somnum

639 3361 1101 3446 neglegentiae
1149 3371 1213 3429 et
1276 3364 1735 3431 dormitionem
1796 3386 1959 3449 quae
2007 3386 2092 3430 ex
2139 3385 2368 3430 errore
2432 3365 2597 3430 solet
2642 3368 2714 3428 in
2774 3370 2990 3428 mente

640 3468 820 3540 oriri,
871 3473 936 3529 et
997 3465 1487 3550 divagationem
1550 3472 2020 3552 cogitationum
2068 3488 2231 3552 quae
2294 3488 2381 3532 ex
2433 3471 2812 3551 ignorantia
2871 3486 2992 3530 nos

644 3567 999 3650 perturbat,
1050 3573 1115 3632 et
1162 3573 1533 3634 meminisse
1596 3570 1939 3634 dumtaxat
1994 3573 2135 3654 quis
2180 3573 2265 3634 sit
2326 3573 2435 3654 qui
2485 3569 2698 3633 factus
2759 3573 2877 3651 est,
2925 3574 2990 3632 et

648 3676 907 3752 propter
952 3690 1142 3753 quem
1187 3671 1399 3736 factus
1460 3678 1576 3756 est,
1626 3672 1693 3737 id
1725 3678 1841 3755 est,
1905 3674 2077 3736 Deus
2121 3679 2388 3757 propter
2433 3673 2731 3736 homines
2776 3672 2988 3752 hom0,

640 3768 851 3836 forma
902 3772 1019 3836 Dei
1065 3779 1331 3857 propter
1376 3795 1605 3839 servos
1651 3775 1932 3840 rebelles
1977 3775 2189 3839 forma
2230 3777 2426 3857 servi,
2473 3773 2646 3838 liber
2690 3773 2853 3838 dans
2883 3792 2996 3837 ca-

646 3876 1022 3952 pitationem
1068 3894 1186 3958 pro
1234 3879 1330 3940 eis
1377 3879 1484 3960 qui
1531 3881 1741 3961 ipsum
1793 3877 2039 3941 tributo
2101 3880 2438 3941 servitutis
2496 3875 2991 3956 fraudaverant,

644 3976 748 4056 qui
796 3974 960 4038 nihil
1006 3976 1258 4059 indiget
1290 3983 1639 4063 experiens
1681 3982 2107 4044 necessitates
2152 3983 2224 4042 ut
2269 3999 2382 4043 eos
2428 3981 2536 4062 qui
2567 3998 2824 4062 semper
2852 3977 2993 4041 fue-

644 4084 792 4140 rant
836 4076 1207 4161 indigentes
1253 4101 1293 4145 a
1339 4082 1837 4146 necessitatibus
1865 4081 2201 4164 liberaret,
2248 4081 2667 4165 impassibilis
2713 4083 2824 4165 qui
2874 4080 2993 4143 sub

648 4179 1050 4260 passionibus
1096 4181 1308 4247 factus
1362 4190 1460 4248 est
1512 4189 1582 4247 ut
1644 4183 1986 4268 passibiles
2038 4203 2234 4268 supra
2288 4186 2625 4266 passiones
2678 4183 2991 4264 elevaret,

375 4308 428 4364 p,
464 4294 584 4348 249.
644 4280 1032 4344 immortalis
1077 4286 1185 4366 qui
1231 4289 1506 4349 mortem
1553 4285 1751 4348 subiit
1795 4286 1904 4348 *ut
1965 4285 2274 4350 mortales
2327 4304 2366 4349 a
2429 4289 2638 4348 morte
2685 4284 2987 4348 solveret.

740 4508 752 4532 ¹
800 4506 951 4567 Gal„
986 4517 1067 4566 ιν.
1103 4509 1153 4560 4.
1199 4536 1257 4544 ——
1298 4505 1319 4536 ²
1355 4505 1542 4571 Rom„
1580 4519 1698 4568 vm,
1741 4506 1790 4559 3.

3044 1537 3100 1582 10

3045 3583 3102 3628 30

3046 4097 3103 4141 35
