3400 5642
1672 547 1783 627 -κς
1833 541 1962 606 186
2009 543 2120 623 >x-

719 692 817 751 est
863 687 1057 750 homo
1104 691 1370 770 propter
1414 705 1598 748 suum
1631 705 1944 767 amorem,
1993 690 2059 748 et
2105 685 2344 748 mansit
2375 683 2546 746 Deus
2577 687 2844 766 propter
2880 702 3066 746 suam

718 795 1043 853 naturam.

808 892 979 955 Deus
1025 893 1231 974 igitur
1260 893 1641 954 incarnatus
1670 895 1736 953 et
1763 890 2232 953 inhumanatus
2263 894 2380 972 est,
2416 891 2634 972 sicque
2667 907 2756 951 ex
2785 887 3068 970 Virgine

720 1001 911 1058 natus
956 999 1071 1058 est.
1121 993 1300 1058 Haec
1346 1011 1509 1076 ergo
1555 991 1882 1056 credenda
1929 996 2025 1055 est
2072 991 2188 1054 Dei
2237 994 2530 1074 genitrix
2578 1010 2739 1054 esse.
2789 989 2975 1061 Quod
3013 992 3072 1053 si

720 1096 907 1178 DeuS,
956 1115 1101 1158 cum
1149 1092 1353 1174 fieret,
1396 1098 1681 1156 mutatus
1713 1099 1900 1174 esset,
1950 1095 2084 1156 iam
2116 1112 2281 1173 eam,
2329 1111 2461 1156 non
2495 1092 2609 1155 Dei
2658 1093 3066 1174 genitricem.

720 1197 833 1262 sed
880 1199 1163 1263 hominis
1225 1197 1614 1280 genitricem
1668 1197 2053 1258 conveniret
2110 1194 2444 1278 appellari.
2495 1193 2735 1277 Neque,
2785 1195 2841 1256 si
2882 1194 3072 1257 Deus

721 1300 923 1364 alium
968 1300 1294 1363 hominem
1340 1297 1585 1361 sactum
1631 1299 2100 1380 assumpsisset,
2150 1299 2461 1380 potuisset
2514 1295 2630 1359 illa
2674 1295 3074 1359 naturaliter

722 1403 839 1465 Dei
886 1404 1177 1484 genitrix
1222 1403 1469 1481 vocari,
1518 1398 1632 1462 sed
1678 1401 1971 1482 genitrix
2003 1399 2288 1462 hominis
2335 1418 2373 1462 a
2405 1399 2538 1462 Deo
2585 1400 2916 1480 assumpti,
2965 1397 3075 1461 vel

721 1505 1005 1568 hominis
1051 1507 1119 1566 in
1165 1523 1289 1586 quo
1322 1503 1491 1566 Deus
1534 1501 1878 1566 habitavit.
1927 1500 2094 1572 Quia
2126 1520 2306 1582 vero,
2349 1498 2700 1564 secundum
2733 1497 2927 1562 fidem
2955 1519 3074 1564 no-

722 1613 947 1689 stram,
994 1605 1061 1669 id
1107 1610 1224 1687 est,
1272 1603 1464 1668 fidem
1509 1603 1857 1668 Librorum
1890 1602 2278 1684 divinorum,
2327 1603 2498 1665 Deus
2527 1621 2660 1665 non
2693 1603 3076 1684 agnoscitur

725 1710 926 1774 alium
972 1711 1413 1791 assumpsisse,
1460 1726 1582 1771 nec
1630 1707 1902 1769 mutatio
1951 1707 2014 1768 ei
2073 1704 2311 1769 accidit
2356 1724 2501 1768 cum
2551 1723 2623 1767 re
2676 1723 2841 1767 vera
2887 1701 3075 1768 fieret

725 1811 937 1893 hom0,
986 1829 1151 1894 quae
1198 1810 1402 1873 Deum
1448 1812 1936 1891 incorporatum
1982 1810 2253 1890 peperit,
2303 1827 2444 1870 esse
2506 1825 2735 1869 veram
2785 1806 2901 1868 Dei
2961 1824 3076 1888 ge-

724 1917 1027 1978 nitricem
1072 1911 1439 1977 confitenda
1486 1917 1609 1975 est:
1658 1930 1813 1974 nam
1861 1930 1979 1994 per
2037 1910 2642 1973 inhumanationem
2689 1908 2860 1972 Deus
2903 1911 3076 1971 nati-

456 2037 513 2093 p.
547 2023 669 2076 251.
723 2018 995 2080 vitatem
1040 2015 1396 2078 humanam
1441 2033 1669 2097 passus
1715 2018 1831 2094 est,
1887 2018 1952 2076 et
2012 2010 2304 2076 creditur
2347 2009 2556 2074 *Deus
2617 2013 2816 2074 etiam
2863 2009 3078 2092 quoad

724 2118 895 2182 hanc
943 2120 1373 2198 nativitatem,
1424 2119 1573 2200 quia
1620 2135 1753 2180 non
1785 2120 2071 2179 mutatus
2117 2119 2215 2178 est
2261 2133 2407 2178 cum
2439 2113 2634 2177 homo
2681 2110 2886 2176 fieret.
2927 2113 3074 2176 lure

726 2238 887 2302 ergo
932 2223 1292 2302 meritoque
1339 2219 1569 2301 Virgo,
1619 2237 1783 2300 quae
1847 2217 2058 2280 Iesum
2113 2218 2383 2300 peperit,
2447 2215 2564 2278 Dei
2627 2216 2920 2297 genitrix
2983 2212 3080 2276 di-

727 2325 915 2399 citur,
964 2342 1097 2386 non
1142 2321 1348 2385 solum
1398 2320 1565 2403 quod
1610 2324 1752 2384 sine
1813 2322 2120 2402 coniugio
2177 2321 2448 2402 peperit,
2497 2317 2610 2382 sed
2658 2320 2858 2382 etiam
2907 2315 3075 2400 quod

727 2425 931 2488 Deum
956 2427 1441 2506 incorporatum
1466 2425 1734 2506 peperit,
1761 2428 1826 2486 et
1851 2421 2017 2505 quod
2040 2423 2276 2504 ubique
2300 2424 2368 2483 in
2392 2420 2612 2483 Libris
2635 2419 2875 2483 divinis
2901 2419 3080 2483 Iesus

727 2526 1145 2610 praedicatur
1191 2528 1375 2589 nasci
1420 2529 1703 2608 potuisse
1737 2528 1887 2608 quia
1919 2527 2372 2607 incorporatus
2418 2527 2534 2586 est.
2583 2523 2748 2586 Nam
2779 2524 2908 2586 nisi
2955 2521 3082 2586 hoc

727 2631 907 2712 prius
930 2627 1175 2692 sactum
1207 2632 1395 2709 esset,
1430 2631 1565 2710 ipse
1590 2646 1723 2690 non
1754 2629 2065 2710 potuisset
2096 2626 2449 2690 humanam
2481 2627 2896 2688 nativitatem
2923 2626 3076 2708 pati.

727 2732 1005 2813 Etenim,
1032 2733 1141 2814 qui
1184 2732 1480 2794 nascitur·
1523 2750 1608 2793 ex
1641 2729 1878 2812 aliquO,
1910 2747 2176 2792 necesse
2209 2734 2308 2791 est
2338 2726 2664 2811 possideat
2695 2724 3081 2790 affinitatem

730 2853 876 2898 cum
922 2853 1001 2896 eo
1048 2852 1134 2896 ex
1180 2852 1303 2915 quo
1348 2834 1660 2913 nascitur,
1711 2831 1899 2894 verbi
1933 2832 2150 2912 gratia
2196 2830 2366 2892 Deus
2412 2848 2559 2893 cum
2607 2828 2740 2892 Deo
2786 2833 2850 2891 et
2882 2828 3078 2891 homo

730 2939 1109 3019 quicumque
1156 2954 1303 2998 cum
1350 2933 1728 3017 parentibus
1757 2931 2185 2996 naturalibus
2221 2931 2400 3014 Ergo
2447 2929 2620 2994 filius
2658 2931 2976 3013 VirginiS,
3011 2937 3083 2994 ut

729 3040 918 3119 DeuS,
953 3035 1337 3100 affinitatem
1367 3035 1566 3098 habet
1598 3055 1746 3099 cum
1768 3035 1986 3116 Patre,
2021 3039 2106 3116 et,
2140 3039 2211 3096 ut
2243 3034 2456 3114 homo,
2492 3052 2638 3096 cum
2671 3038 2881 3096 matre
2915 3051 3082 3114 quae

730 3160 879 3204 eum
926 3138 1278 3204 secundum
1325 3157 1591 3202 carnem
1637 3138 1921 3220 peperit;
1985 3141 2052 3199 et
2095 3139 2354 3219 utrique
2417 3137 2605 3218 stirpi
2658 3134 3082 3198 consubstan-

730 3243 907 3308 tialis
952 3243 1209 3322 dicitur,
1258 3243 1581 3305 essentiae
1613 3240 1863 3304 scilicet
1909 3244 1974 3303 et
2019 3239 2432 3319 humanitati,
2465 3242 2703 3301 neutra
2741 3242 2962 3300 tamen
2995 3255 3083 3299 ex

732 3346 836 3409 his
882 3344 1131 3408 duabus
1176 3345 1450 3424 naturis,
1500 3362 1663 3426 quae
1710 3345 1782 3405 in
1829 3345 2135 3405 unionem
2172 3345 2642 3420 convenerunt,
2693 3341 2964 3403 seorsim
3015 3341 3086 3401 in

732 3469 811 3513 eo
843 3449 1223 3530 agnoscitur
1255 3451 1367 3509 aut
1398 3449 1801 3509 numeratur.
1839 3445 2018 3508 Haec
2050 3446 2226 3507 enim
2256 3450 2353 3506 est
2386 3445 2598 3505 virtus
2629 3443 2890 3504 unionis
2914 3460 3078 3524 quae

732 3550 908 3615 facta
956 3554 1071 3631 est,
1122 3554 1191 3612 ut
1237 3546 1383 3628 du0,
1433 3567 1597 3630 quae
1643 3550 1829 3611 unita
1861 3553 2027 3628 sunt,
2076 3565 2275 3609 unum
2309 3543 2626 3624 ostendat,
2670 3542 3083 3626 quemadmo-

734 3652 886 3716 dum
932 3669 1160 3714 sensus
1206 3648 1539 3713 dualitatis
1586 3654 1683 3712 est
1731 3648 1856 3712 duo
1903 3646 2246 3712 ostendere
2293 3667 2373 3710 ea
2414 3665 2577 3729 quae
2625 3649 3079 3708 numerantur.

736 3753 823 3816 Et
870 3756 975 3836 qui
1023 3753 1444 3835 Unigenitum
1490 3754 1561 3814 in
1607 3753 1748 3814 eius
1795 3751 2322 3834 incorporatione
2359 3753 2728 3829 numerant,
2777 3765 3085 3829 corpora-

734 3856 985 3920 litatem
1010 3859 1234 3937 aperte
1265 3858 1545 3936 negant3
1594 3873 1749 3916 nam
1781 3855 1838 3916 si
1867 3858 2270 3932 numeratur,
2304 3855 2375 3913 ut
2405 3850 2477 3914 hi
2508 3848 2927 3930 contendunt,
2955 3851 3086 3911 iam

732 3977 967 4040 corpus
1012 3960 1349 4021 invenitur
1391 3975 1523 4019 non
1572 3975 1713 4018 esse
1745 3955 1864 4017 Dei
1909 3951 2023 4016 sed
2060 3953 2363 4034 hominis,
2399 3954 2549 4034 quia
2582 3971 2818 4035 corpus
2851 3950 2935 4015 ad
2967 3951 3084 4014 ho-

735 4062 993 4141 minem,
1042 4079 1175 4122 non
1222 4058 1304 4122 ad
1351 4058 1572 4138 Deum,
1621 4056 2019 4120 naturaliter
2062 4057 2361 4138 pertinet.
2410 4052 2596 4124 Quod
2642 4055 2700 4116 si
2745 4073 2911 4116 unus
2943 4071 3086 4116 cre-

736 4161 928 4242 ditur,
971 4159 1506 4243 quemadmodum
1539 4179 1657 4222 nos
1689 4155 2092 4238 confitemur,
2125 4158 2321 4219 etiam
2356 4161 2691 4238 postquam
2722 4153 2934 4218 factus
2967 4158 3088 4235 est,

736 4267 901 4326 sicut
946 4268 1091 4326 erat
1138 4267 1485 4346 antequam
1532 4259 1752 4325 fieret:
1801 4279 1955 4323 nam
2001 4264 2174 4323 totus
2221 4261 2605 4341 agnoscitur
2653 4256 2822 4320 Deus
2875 4255 3087 4339 quoad

736 4385 922 4427 suum
972 4385 1009 4427 «
1042 4383 1183 4428 6336
1217 4385 1252 4427 »
1305 4369 1369 4428 et
1400 4369 1573 4428 totus
1612 4364 1806 4427 homo
1861 4360 2071 4446 quoad
2121 4382 2156 4424 ‹<
2181 4359 2329 4424 fieri
2354 4383 2414 4442 »,
2463 4358 2899 4443 corporalitas
2955 4377 3089 4421 me-

738 4469 865 4530 rito
912 4468 1329 4530 existimatur
1374 4466 1456 4530 ad
1504 4467 1707 4530 Deum
1753 4467 2101 4549 pertinere,
2152 4468 2216 4527 et
2276 4462 2550 4527 dicimus
2597 4465 2660 4524 ei
2706 4481 2848 4524 esse
2895 4463 3090 4544 spiri-

737 4567 1057 4632 talitatem
1103 4571 1254 4650 quia
1301 4575 1417 4650 est,
1466 4573 1533 4632 et
1592 4566 2123 4652 corporalitatem
2163 4571 2312 4651 quia
2366 4564 2580 4629 factus
2627 4570 2740 4628 est.
2791 4562 2861 4627 Si
2905 4583 3089 4645 vero,

3134 1626 3194 1671 lo

3133 2126 3194 2171 15

3135 2641 3200 2684 20
