3400 5642
1252 530 1367 618 4⁴²(
1417 529 1507 596 45
1554 531 1670 617 >x-

284 693 451 758 quae
497 694 622 739 nec
667 674 741 738 hi
784 675 1115 742 haeretici
1174 693 1483 740 recusare
1529 675 1858 758 videntur,
1919 675 2075 741 lieet
2133 678 2433 742 nesciant
2486 675 2638 761 quid

283 775 528 841 dicant.

375 877 709 944 Adhaesio
755 881 931 944 enim
976 882 1287 944 unionem
1316 879 1689 945 naturalem
1722 899 2040 964 personae
2066 885 2180 944 aut
2202 885 2482 945 naturae
2506 899 2638 945 non

283 979 590 1064 ostendit,
624 983 790 1045 siout
819 980 1118 1046 videmus
1142 982 1477 1046 hominem
1508 985 1685 1047 sooio
1717 1002 1834 1047 suo
1880 980 2269 1064 adhaerere,
2303 987 2369 1046 et
2415 1003 2637 1067 quam-

194 1093 225 1139 5
283 1101 559 1166 cumque
606 1083 1034 1148 substantiam
1078 1083 1188 1148 vel
1239 1103 1448 1168 genus
1492 1084 1621 1149 sibi
1664 1087 1951 1150 invicem
1999 1089 2112 1149 aut
2143 1083 2293 1149 aliis
2316 1104 2481 1169 quae
2505 1104 2640 1150 non

280 1189 436 1249 sunt
482 1186 771 1251 eiusdem
820 1189 1101 1271 generis.
1152 1185 1330 1251 Sicut
1376 1186 1689 1252 adhaesio
1753 1186 2123 1252 huiusmodi
2169 1206 2304 1251 non
2362 1186 2522 1252 facit
2566 1192 2639 1250 ut

280 1305 365 1350 ea
411 1305 578 1370 quae
626 1290 972 1353 coniuncta
1018 1292 1188 1370 sunt,
1238 1293 1351 1352 aut
1396 1307 1528 1352 una
1582 1307 1886 1372 persona,
1921 1293 2034 1352 aut
2063 1307 2195 1352 una
2227 1293 2490 1370 natura,
2521 1293 2634 1352 aut

276 1406 487 1452 imum
516 1407 840 1473 prosopon
869 1389 1262 1472 habeantur,
1296 1391 1392 1454 ita
1422 1407 1546 1454 neo
1592 1389 1763 1454 Deus
1787 1394 1853 1453 et
1883 1388 2101 1472 hom0,
2135 1392 2192 1453 si
2223 1408 2342 1473 per
2394 1388 2638 1454 adhae-

277 1493 556 1573 sionem,
575 1495 646 1554 ut
669 1491 741 1554 hi
770 1491 1179 1575 intellegunt,
1208 1493 1277 1555 in
1305 1510 1342 1554 <
1359 1511 1562 1556 unum
1592 1510 1916 1576 prosopon
1934 1512 1994 1574 2»,
2011 1510 2146 1556 non
2187 1510 2348 1555 vero
2379 1492 2636 1555 ratione

170 1601 223 1649 10
276 1597 835 1678 incorporationis
881 1599 946 1658 et
990 1597 1272 1678 unionis,
1320 1596 1651 1660 coniuncti
1696 1600 1865 1659 sunt.
1893 1594 2188 1660 Verbum
2211 1595 2386 1659 enim
2417 1595 2488 1657 in
2519 1612 2637 1657 sua

275 1713 566 1778 persona
612 1695 969 1760 exsistebat
1014 1701 1365 1781 antequam
1411 1715 1571 1761 caro
1593 1693 1800 1760 fieret.
1827 1695 1912 1759 Et
1943 1699 2002 1760 si
2031 1695 2200 1780 quod
2231 1691 2634 1776 confitemur,

281 1815 321 1860 <
354 1796 576 1880 Ipsum
634 1815 867 1881 nempe
929 1799 1344 1861 incarnatum
1406 1802 1473 1862 et
1530 1797 2036 1862 inhumanatum
2095 1817 2240 1862 esse
2289 1818 2350 1879 2»,
2407 1814 2637 1860 verum

276 1903 401 1981 est,
451 1919 492 1963 a
538 1897 803 1964 fortiori
846 1904 911 1963 et
955 1901 1167 1984 ipsum
1212 1919 1355 1964 esse
1402 1918 1603 1963 unam
1631 1918 1981 1983 personam
2025 1901 2226 1964 etiam
2272 1904 2415 1983 post
2445 1897 2637 1962 inhu-

274 2003 745 2066 manationem.
795 1999 865 2065 Si
910 2006 1148 2084 autem,
1196 2003 1383 2066 iuxta
1414 2020 1641 2066 eorum
1690 2005 2103 2085 sententiam,
2151 2000 2347 2066 alteri
2392 2000 2638 2065 adhae-

168 2112 221 2161 15
273 2106 463 2186 serit,
513 2103 667 2188 quid
712 2105 1013 2188 mysterii
1058 2103 1416 2188 putandum
1478 2108 1577 2168 est
1622 2123 1766 2168 esse
1815 2105 1886 2168 in
1932 2103 2077 2186 hoo,
2108 2103 2254 2168 *vel
2300 2123 2466 2188 quae
2528 2122 2636 2166 res

272 2205 485 2289 digna
532 2225 725 2289 quam
771 2207 1110 2289 miremur,
1158 2205 1329 2290 quod
1389 2205 1748 2270 Invisibilis
1792 2205 2041 2271 visibili
2096 2205 2472 2271 adhaeserit
2523 2210 2636 2268 aut

271 2311 347 2371 in
394 2327 479 2372 eo
524 2306 946 2390 habitaverit,
994 2313 1065 2371 ut
1113 2307 1184 2371 hi
1232 2309 1604 2391 opinantur,
1652 2311 1720 2372 et
1765 2306 2097 2391 Spiritalis
2157 2309 2346 2372 carni
2392 2305 2638 2371 adhae-

272 2412 462 2492 serit,
512 2415 579 2473 et
624 2409 794 2473 Deus
838 2409 1109 2493 homini,
1158 2415 1224 2475 et
1268 2409 1701 2493 Incorporeus
1747 2427 2086 2492 corporeo,
2128 2414 2194 2474 et
2240 2405 2637 2472 Immortalis

272 2511 589 2577 mortali?
636 2511 822 2594 Nam,
870 2516 942 2575 ut
988 2511 1148 2595 dixi,
1196 2531 1405 2596 neque
1452 2531 1493 2576 a
1538 2510 1906 2576 visibilibus
1951 2531 2160 2595 neque
2209 2511 2294 2575 ab
2337 2509 2638 2575 invisibi-

164 2626 219 2672 ω
270 2613 450 2677 libus
512 2614 684 2678 Deus
744 2619 1034 2678 remotus
1094 2617 1191 2678 est
1230 2619 1343 2678 aut
1404 2613 1601 2698 longe
1664 2617 1956 2695 exstans,
2019 2611 2153 2697 sed,
2201 2617 2274 2677 ut
2318 2610 2632 2693 infinituS,

270 2735 597 2800 praesens
656 2721 755 2781 est
816 2717 1135 2800 omnibuS,
1198 2722 1264 2781 et
1310 2719 1381 2781 in
1440 2737 1519 2782 eo
1580 2720 2032 2799 agnoscuntur
2077 2718 2298 2780 omnia
2343 2733 2508 2796 esse,
2564 2714 2635 2776 in

272 2825 594 2904 quantum
640 2824 738 2883 est
782 2822 1104 2884 terminus
1148 2818 1421 2903 finisque
1482 2820 1792 2902 omnium,
1841 2816 2380 2902 quemadmodum
2428 2816 2508 2880 de
2554 2834 2634 2880 eo

270 2921 461 2986 clare
508 2920 677 2985 dixit
722 2920 1069 3006 Apostolus
1101 2920 1153 2985 ¹:
1207 2941 1244 2986 ‹
1275 2921 1353 2985 In
1400 2923 1540 3005 ipso
1587 2922 1892 3002 vivimus,
1925 2924 1992 2984 et
2023 2939 2384 3001 movemur,
2417 2924 2484 2982 et
2529 2938 2638 2982 su-

270 3043 423 3086 mus
456 3043 530 3098 »;
596 3027 661 3086 et
707 3025 1003 3106 quamvis
1046 3025 1140 3088 ita
1186 3043 1255 3088 se
1316 3021 1563 3086 habere
1622 3026 1850 3086 notum
1903 3023 2006 3104 sit,
2069 3020 2319 3085 nullum
2381 3039 2467 3084 ex
2529 3019 2635 3084 his

165 3141 219 3186 25
272 3126 515 3209 quibus
560 3124 897 3208 adhaeret,
946 3124 1053 3189 vel
1082 3130 1325 3189 natura
1354 3129 1583 3188 nostra
1614 3129 1961 3207 autequam
1996 3128 2460 3206 assumeretur,
2493 3125 2637 3186 exi-

270 3231 587 3294 stimatur
631 3247 771 3292 esse
819 3230 960 3291 eius
1004 3246 1162 3292 oaro
1209 3231 1323 3292 aut
1370 3243 1611 3310 eorpus
1656 3231 1772 3289 aut
1817 3244 2118 3310 persona.
2151 3223 2339 3289 Nuno
2393 3229 2633 3306 autem,

270 3332 429 3414 quia
478 3349 551 3394 se
579 3332 969 3412 exinanivit,
1018 3333 1085 3393 et
1129 3328 1525 3410 humiliavit,
1574 3333 1639 3392 et
1686 3326 1772 3393 ad
1815 3327 2164 3411 Virginem
2188 3324 2543 3408 descendit,
2569 3332 2636 3390 et

271 3452 363 3496 ex
394 3451 479 3496 ea
524 3433 909 3496 incarnatus
952 3437 1070 3514 est,
1120 3435 1185 3495 et
1216 3429 1703 3512 inhumanatus,
1729 3433 1796 3494 et
1826 3435 2175 3513 conceptus
2205 3433 2271 3493 et
2317 3433 2533 3511 natuS,
2568 3433 2634 3492 et

270 3535 469 3600 nobis
516 3537 587 3596 in
632 3532 932 3598 omnibus
976 3537 1245 3618 praeter
1287 3537 1643 3617 peecatum,
1690 3536 1765 3595 ut
1809 3533 2122 3615 scriptum
2165 3536 2283 3614 est,
2311 3529 2636 3595 assimila·

162 3654 217 3699 ³0
269 3642 401 3720 tuS,
450 3638 657 3720 ipsius
701 3642 818 3719 est,
864 3655 999 3701 non
1046 3636 1339 3718 alterius„
1387 3653 1545 3700 earo
1591 3654 1758 3719 quae
1802 3632 1980 3699 facta
2026 3637 2142 3698 est.
2192 3631 2378 3706 Quod
2431 3636 2490 3698 si
2533 3636 2636 3697 in—

270 3740 655 3823 corporatio
715 3735 1121 3822 significaret
1182 3736 1525 3802 dumtaxat
1584 3737 1791 3802 Deum
1848 3739 1920 3799 iu
1980 3735 2243 3800 homine
2305 3735 2635 3819 habitare,

270 3861 429 3907 eece
478 3843 678 3904 etiam
724 3842 795 3904 in
840 3843 1029 3905 iustis
1090 3839 1452 3921 habitabat,
1502 3844 1567 3904 et
1613 3839 1914 3904 omnibus
1975 3837 2402 3922 adhaerebat,
2454 3843 2519 3903 et
2565 3841 2637 3903 in

266 3947 417 4028 ipso
464 3944 687 4006 omnia
717 3945 950 4006 vivunt
982 3947 1046 4006 et
1079 3942 1435 4006 subsistunt
1467 3946 1533 4006 et
1564 3945 1931 4023 moventur,
1957 3940 2114 4006 olim
2139 3945 2206 4005 et
2228 3960 2418 4005 nuno.
2447 3939 2635 4013 Quod

268 4063 439 4109 vero
491 4063 529 4106 ‹
564 4045 700 4127 ipse
748 4042 961 4108 faetus
996 4047 1095 4107 est
1127 4042 1321 4108 homo
1354 4065 1391 4108 »
1440 4045 1535 4107 ita
1565 4041 1864 4125 intellegi
1895 4044 2153 4125 nequit3
2189 4061 2344 4107 nam
2378 4062 2526 4106 oum
2556 4061 2640 4107 eo

158 4169 211 4214 35
266 4165 408 4211 non
454 4148 604 4210 erat
651 4145 819 4209 alius
849 4145 1044 4209 homo
1085 4147 1193 4229 qui
1238 4147 1309 4208 in
1354 4163 1435 4209 eo
1480 4145 1863 4208 subsisteret
1893 4149 1958 4207 et
1989 4150 2369 4209 moveretur
2399 4148 2464 4206 et
2498 4161 2638 4207 am-

262 4248 555 4329 bularet,
582 4249 748 4311 siout
792 4249 1231 4332 unusquisque
1282 4252 1600 4329 nostrum,
1625 4249 1812 4310 iuxta
1858 4248 1994 4309 vim
2024 4244 2378 4310 verborum
2407 4244 2630 4309 Pauli:

269 4371 307 4415 <
342 4350 425 4413 In
470 4352 613 4433 ipso
659 4351 962 4432 vivimuS,
1012 4355 1077 4413 et
1124 4369 1487 4432 movemur,
1522 4353 1587 4412 et
1618 4367 1840 4412 sumus
1872 4367 1947 4424 »;
1995 4345 2111 4411 sed
2156 4345 2266 4411 ille
2299 4349 2408 4430 qui
2439 4365 2643 4430 appa-

364 4573 385 4601 ²
424 4573 577 4637 Act„
618 4585 764 4634 xvn,
806 4571 895 4626 28.
