3400 5642
1719 529 1834 606 «εκ
1885 521 1970 584 4⁴
2021 527 2136 606 ›x—

757 662 1019 729 modum
1065 665 1283 727 unitas
1328 681 1414 726 ex
1458 681 1589 728 uno
1636 665 2038 746 agnoscitur,
2069 665 2165 728 ita
2195 665 2396 728 etiam
2425 662 2710 728 dualitas
2739 684 2826 728 ex
2857 663 3110 728 duobus

756 767 1192 832 constituitur.
1242 765 1325 828 Et
1370 767 1426 828 si
1488 764 1790 829 Christus
1851 770 2239 830 numeratur
2299 764 2426 830 duo
2488 766 2600 829 ubi
2645 766 3114 832 inhumanatus

758 873 877 951 est,
903 867 1065 932 illud
1086 867 1361 932 verbum
1388 886 1425 930 <
1458 866 1926 932 inhumanatus
1951 871 2050 932 est
2081 887 2118 931 »
2155 866 2560 952 repudiatur,
2586 873 2653 933 et
2682 868 2844 933 illud
2879 890 2920 930 «-
2950 889 3118 933 unus

757 976 857 1035 est
903 992 940 1035 »
992 969 1289 1052 solvitur,
1335 973 1403 1034 et
1446 968 1609 1034 illud
1658 990 1695 1035 ‹
1744 968 2037 1048 creditur
2090 988 2260 1034 unus
2313 990 2399 1034 ex
2446 973 2742 1034 trinitate
2791 992 2828 1035 »
2881 971 3120 1036 falsum

758 1071 997 1154 evadit,
1046 1074 1217 1155 quia,
1265 1074 1433 1136 sicut
1465 1070 1770 1153 diximus,
1805 1090 1974 1136 unus
2005 1091 2093 1136 ex
2122 1073 2376 1136 unitate
2407 1075 2807 1155 agnoscitur,
2841 1072 2970 1136 duo
3003 1093 3118 1137 au-

756 1179 889 1241 tem
912 1194 998 1238 ex
1022 1173 1359 1238 dualitate.
1392 1171 1519 1246 Qui
1547 1171 1689 1238 vult
1722 1178 1900 1238 recte
1933 1171 2206 1238 credere
2232 1171 2424 1238 debet
2455 1170 2754 1238 confiteri
2776 1173 3114 1238 Christum

758 1297 901 1342 esse
947 1297 1169 1359 unum,
1201 1278 1369 1340 sicut
1399 1276 1687 1358 Patrem,
1737 1279 1802 1340 et
1851 1274 2162 1360 Spiritum
2201 1281 2516 1358 sanctum,
2563 1296 2688 1341 nec
2733 1279 3116 1342 existimare

759 1378 927 1462 quod
957 1377 1261 1443 Christus
1290 1381 1556 1461 propter
1600 1375 2134 1462 corporalitatem
2179 1377 2624 1442 numerandus
2653 1381 2738 1441 sit
2769 1377 2915 1442 duo.
2973 1379 3115 1442 Ete-

756 1483 913 1563 nim,
963 1483 1021 1544 si
1064 1479 1191 1544 hoc
1237 1482 1301 1544 ei
1354 1478 1718 1562 accidisset,
1775 1481 1912 1544 iam
1963 1498 2084 1544 nos
2137 1499 2271 1542 non
2323 1482 2777 1545 inveniremur
2829 1483 2898 1542 in
2953 1483 3110 1563 ipsc,

758 1581 873 1648 sed
918 1585 1056 1666 ipse
1104 1586 1371 1664 propter
1412 1600 1535 1646 nos
1579 1583 1899 1646 unitatem
1947 1601 2134 1646 suam
2181 1579 2584 1664 perdidisset.
2634 1581 2886 1665 Corpus
2941 1585 3113 1646 enim

760 1683 845 1750 ad
891 1683 1091 1747 aliam
1137 1702 1485 1767 personam
1530 1702 1665 1749 non
1709 1686 1994 1769 pertinet
2037 1687 2110 1746 ut
2155 1688 2539 1748 numeretur
2583 1683 2792 1748 solum
2839 1689 2904 1748 et
2937 1703 3112 1748 seor-

758 1788 901 1868 sim,
950 1784 1065 1849 sed
1110 1787 1311 1869 ipsius
1356 1785 1473 1848 Dei
1518 1789 1617 1849 est
1664 1787 1774 1868 qui
1819 1783 2218 1850 naturaliter
2254 1787 2680 1869 incorporeus
2710 1788 3107 1869 agnoscitur.

760 1886 831 1951 Si
874 1890 967 1953 ita
1014 1906 1147 1952 non
1192 1885 1518 1970 credatur,
1567 1890 1700 1952 iam
1747 1887 1874 1953 hoc
1902 1906 2036 1952 non
2067 1890 2238 1951 esset
2268 1887 2740 1970 inhumanatio,
2776 1886 2891 1952 sed
2931 1908 3111 1953 mera

762 1990 1075 2055 adhaesio
1106 1989 1460 2054 secundum
1491 2009 1683 2073 quam
1717 1989 1887 2054 Deus
1919 1989 2220 2054 omnibus
2252 1989 2618 2054 adhaerere
2648 1989 2928 2054 videtur.
2965 1990 3115 2054 Ete-

759 2095 916 2173 nim,
942 2098 1183 2157 natura
1228 2095 1370 2156 eius
1414 2111 1455 2156 a
1501 2091 1681 2158 nullo
1729 2096 1982 2156 remota
2031 2095 2128 2155 est
2177 2096 2290 2156 aut
2336 2091 2532 2176 longe
2565 2096 2712 2174 stat,
2745 2091 2879 2174 sed,
2914 2097 2987 2156 ut
3017 2095 3115 2156 in-

758 2193 1000 2278 finituS,
1049 2214 1361 2279 praesens
1406 2199 1505 2258 est
1552 2195 1852 2260 omnibus
1896 2193 2052 2260 licet
2101 2195 2322 2259 omnia
2377 2194 2461 2257 ab
2507 2214 2586 2258 eo
2640 2200 2895 2261 remota
2949 2197 3108 2272 sint;

760 2303 825 2362 et
870 2297 1024 2362 dum
1069 2297 1193 2362 hoc
1238 2296 1429 2362 modo
1462 2297 1762 2363 omnibus
1791 2316 2106 2382 praesens
2137 2302 2237 2360 est
2267 2302 2333 2362 et
2366 2300 2438 2360 in
2467 2297 2766 2361 omnibus
2797 2303 2914 2380 est,
2949 2297 3113 2362 haec

760 2405 983 2464 tamen
1029 2398 1341 2464 adhaesio
1386 2418 1519 2463 non
1566 2398 1808 2464 dicitur
1852 2401 2298 2483 incorporatio
2342 2418 2466 2463 nec
2519 2401 2674 2464 unio
2729 2399 3108 2483 personalis.

760 2500 981 2585 Neque
1030 2499 1153 2564 hoc
1200 2520 1394 2565 sensu
1440 2500 1680 2566 dicitur
1727 2503 2073 2586 sumpsisse
2121 2501 2406 2585 aliquam
2451 2507 2777 2583 naturam,
2833 2501 2943 2565 vel
2997 2501 3112 2566 ali-

763 2622 954 2688 quam
1017 2606 1391 2667 creaturam
1449 2601 1694 2668 factam
1741 2623 1883 2668 esse
1937 2622 2172 2687 corpus
2233 2608 2346 2668 aut
2405 2603 2940 2687 corporalitatem
3003 2609 3112 2668 aut

760 2725 1028 2771 carnem
1075 2706 1235 2786 eiuS,
1284 2704 1399 2768 sed
1445 2705 1938 2790 unumquodque
1987 2706 2224 2770 horum
2270 2711 2612 2790 permanet
2654 2709 2726 2769 in
2773 2726 2851 2771 eo
2889 2708 2961 2769 in
2993 2725 3111 2788 quo

760 2810 1159 2892 agnoscitur,
1208 2811 1273 2870 et
1320 2806 1489 2871 Deus
1536 2811 1736 2872 etiam
1783 2814 2140 2892 permanet,
2191 2810 2382 2872 sicuti
2429 2812 2545 2890 est,
2587 2811 2658 2872 in
2689 2829 2768 2872 eo
2801 2807 2972 2892 quod
2999 2827 3110 2872 na-

760 2911 1067 2976 turaliter
1127 2909 1344 2974 habet.
1388 2909 1613 2993 Neque
1676 2910 1880 2974 Deum
1933 2909 2114 2974 credi
2176 2909 2245 2973 id
2306 2909 2476 2994 quod
2537 2915 2654 2992 est,
2702 2909 2810 2974 vel
2857 2929 3110 2975 omnem

760 3018 1135 3077 creaturam
1181 3011 1248 3074 id
1295 3011 1463 3096 quod
1507 3011 1685 3078 facta
1733 3017 1849 3096 est,
1896 3032 2106 3097 neque
2155 3013 2360 3076 Deum
2405 3013 2706 3077 omnibus
2751 3033 2894 3077 esse
2929 3033 3110 3098 prae-

762 3117 1011 3178 sentem
1057 3111 1211 3177 licet
1256 3115 1476 3177 omnia
1523 3114 1607 3178 ab
1652 3133 1733 3178 eo
1780 3118 2034 3178 remota
2085 3117 2236 3196 sint,
2295 3116 2761 3178 existimantur
2813 3133 2923 3178 res
2968 3133 3110 3198 pro-

765 3214 1058 3299 digiosae
1106 3219 1218 3279 aut
1264 3218 1598 3300 mysteria.

851 3317 1075 3401 Itaque
1121 3337 1331 3401 neque
1375 3317 1572 3383 homo
1618 3337 1828 3402 neque
1873 3338 2030 3384 caro
2065 3322 2248 3403 prius
2278 3318 2457 3384 facta
2489 3323 2588 3383 est
2619 3323 2686 3383 et
2716 3322 2948 3402 agnita
2980 3318 3112 3384 *se-

764 3419 1046 3485 cundum
1092 3439 1277 3484 suum
1324 3440 1467 3484 esse
1514 3428 1579 3485 et
1623 3440 1990 3504 numerum,
2040 3427 2110 3484 ut
2159 3421 2352 3485 simul
2397 3441 2546 3485 cum
2591 3421 2724 3486 Deo
2777 3423 3113 3486 numerari

763 3526 996 3608 possit;
1047 3522 1181 3605 sed,
1229 3525 1396 3587 sicut
1443 3525 1758 3607 scriptum
1803 3528 1920 3606 est,
1972 3523 2266 3588 Verbum
2325 3522 2572 3588 factum
2617 3528 2716 3586 est
2761 3543 2920 3588 caro
2975 3527 3111 3588 sine

764 3629 1142 3708 mutatione,
1176 3630 1242 3690 et
1300 3627 1541 3690 mansit
1600 3625 1998 3690 naturaliter
2042 3625 2110 3690 id
2173 3625 2341 3709 quod
2401 3631 2567 3708 erat,
2617 3630 2684 3690 et
2733 3629 3112 3709 agnoscitur

764 3747 905 3792 esse
969 3726 1201 3790 eadem
1262 3746 1543 3810 persona
1589 3730 1655 3792 et
1709 3732 1968 3810 natura,
2023 3726 2182 3792 olim
2243 3731 2308 3791 et
2367 3747 2572 3791 nunc:
2639 3726 2796 3791 olim
2858 3726 3111 3811 quidem

764 3832 1241 3911 incorporeum,
1276 3830 1794 3912 incompositum,
1843 3830 2174 3894 invisibile
2221 3834 2285 3894 et
2332 3829 2660 3904 intactile;
2725 3849 2900 3894 nunc
2953 3849 3110 3895 vero

764 3948 1170 4012 corporeum,
1196 3929 1485 4012 carnale,
1532 3930 1792 3994 visibile
1841 3935 1906 3994 et
1950 3930 2194 4013 tactile,
2243 3930 2429 3995 salva
2492 3931 2661 4014 apud
2715 3929 3110 4014 unumquod-

765 4051 887 4115 que
934 4031 1170 4096 horum
1202 4051 1321 4096 sua
1352 4032 1898 4098 immutabilitate.
1926 4031 2114 4104 Quod
2138 4036 2194 4096 si
2218 4035 2671 4098 existimamus
2695 4035 2906 4117 ipsum
2929 4033 3110 4097 carni

764 4133 1141 4200 adhaesisse
1188 4137 1355 4198 sicut
1401 4132 1645 4217 aliquid
1691 4133 1909 4216 alicui,
1941 4133 2050 4198 vel
2096 4137 2264 4198 sicut
2309 4137 2744 4218 margaritam
2791 4152 2976 4217 auro,
3007 4131 3108 4196 vel

763 4240 932 4301 sicut
954 4235 1241 4319 aliquam
1264 4235 1545 4300 formam
1576 4235 1790 4319 alteri,
1809 4243 1924 4301 aut
1947 4239 2321 4301 auctionem
2349 4239 2612 4302 numeri
2634 4235 2784 4300 inde
2817 4239 3106 4320 accipere

763 4338 1044 4421 videtur,
1080 4344 1193 4403 aut
1224 4341 1435 4423 ipsum
1480 4359 1622 4404 esse
1656 4339 1854 4422 aliud,
1886 4340 2014 4405 hoc
2043 4359 2206 4404 vero
2231 4338 2430 4422 aliud,
2479 4342 2723 4404 sentire
2771 4338 3101 4404 debemus:

763 4443 983 4524 sicque
1028 4439 1211 4504 nulla
1257 4445 1355 4504 est
1400 4443 1573 4506 ratio
1617 4441 1842 4506 verbis
1887 4441 2020 4506 illis
2065 4439 2291 4505 utendi
2337 4461 2501 4524 quae
2527 4440 2607 4504 de
2632 4440 3106 4525 dispensatione

764 4541 895 4606 dici
942 4541 1171 4625 solent,
1219 4541 1706 4627 corporalitate,
1732 4544 2018 4626 inquam,
2067 4548 2133 4606 et
2175 4542 2717 4608 inhumanatione
2758 4548 2824 4606 et
2853 4545 3104 4635 unione,

3163 1588 3207 1634 10
