3400 5642
1667 511 2131 600 «(108)»

726 659 921 720 natus
966 661 1095 720 est:
1162 655 1357 721 homo
1400 661 1595 721 natus
1640 661 1760 739 est,
1823 663 1937 721 aut
1983 657 2154 722 Deus
2198 660 2306 742 qui
2351 677 2500 723 eum
2547 660 2912 742 assumpsit,
2970 663 3084 722 aut

728 755 921 820 ambo
952 756 1164 839 simul,
1198 761 1313 821 aut
1344 756 1471 822 duo
1502 759 1645 822 nati
1674 756 1864 822 sunt?
1911 777 1999 823 ex
2029 757 2211 824 nullo
2241 759 2384 824 loco
2415 758 2760 824 ostendere
2793 764 3080 843 possunt.

726 855 911 930 Quod
958 861 1017 922 si
1060 857 1284 924 dicunt
1329 859 1661 924 hominem
1723 879 1866 925 esse
1912 863 2022 945 qui
2065 866 2262 926 natus
2321 867 2439 944 est,
2497 865 2648 946 quia
2699 864 2760 925 is
2819 867 2920 926 est
2975 863 3084 946 qui

728 963 1187 1044 cognationem
1216 961 1589 1027 naturalem
1620 961 1822 1026 habet
1852 981 2000 1027 cum
2031 983 2113 1028 ea
2143 983 2308 1047 quae
2342 967 2626 1050 peperit;
2675 971 2830 1030 tunc
2885 963 3084 1028 homo

728 1065 851 1128 iste
904 1081 1039 1126 non
1100 1066 1239 1128 sine
1294 1065 1603 1147 coniugio
1656 1069 1852 1129 natus
1905 1070 2038 1140 est;
2089 1085 2242 1130 nam
2291 1066 2486 1131 homo
2531 1065 2873 1149 naturalis,
2939 1070 3082 1150 post
3155 1087 3180 1132 5

729 1163 945 1248 legem
1000 1185 1041 1229 a
1094 1163 1413 1230 Creatore
1464 1165 1666 1230 semel
1721 1171 2054 1249 statutam,
2111 1168 2252 1232 sine
2289 1170 2598 1251 coniugio
2629 1170 3082 1232 exsistentiam

728 1268 1027 1351 accipere
1058 1270 1299 1350 nequit.
1326 1266 1409 1330 Et
1440 1269 1499 1331 si
1527 1267 1782 1333 dicant:
1809 1267 1978 1334 Ecce
2006 1267 2298 1334 Adamus
2327 1274 2394 1334 et
2425 1269 2568 1333 Eva
2599 1272 2740 1334 sine
2771 1270 3080 1352 coniugio

728 1371 936 1434 creati
960 1375 1128 1452 sunt,
1154 1372 1365 1434 sciant
1396 1369 1523 1435 hoc
1552 1369 1888 1436 decretum
1919 1371 2000 1436 de
2025 1375 2495 1456 propagatione
2523 1375 2786 1456 generis
2808 1372 3080 1436 humani

729 1470 1015 1536 nondum
1061 1470 1264 1536 latum
1310 1471 1533 1538 fuisse.
1567 1471 1694 1538 Sed
1739 1475 1850 1537 isti
1883 1478 2110 1558 aperte
2159 1473 2378 1540 dicere
2433 1473 2934 1540 declinaverunt
2964 1473 3080 1538 ho—

729 1574 971 1636 minem
1000 1578 1227 1636 natum
1258 1592 1421 1655 esse,
1454 1575 1607 1656 quia
1637 1572 1706 1638 id
1737 1578 1966 1658 putant
1995 1571 2148 1638 filiis
2194 1573 2526 1640 Ecclesiae
2573 1573 2884 1640 scandalo
2915 1593 3077 1656 esse,
3131 1590 3177 1636 ιο

727 1679 794 1738 et
840 1694 959 1758 pro
988 1673 1103 1738 illo
1152 1674 1375 1740 dicunt
1420 1674 1756 1740 Christum
1787 1681 2014 1740 natum
2037 1696 2200 1759 esse,
2236 1675 2570 1742 Christum
2601 1676 2858 1760 quidem
2889 1677 3081 1741 intel-

457 1793 512 1848 p.
551 1776 672 1833 143.
726 1775 1025 1859 legentes
1070 1777 1273 1841 Deum
1307 1783 1371 1842 et
1404 1777 1757 1860 hominem,
1791 1783 1856 1842 et
1885 1798 2026 1842 rem
2079 1776 2484 1844 *nativitatis
2535 1778 2787 1843 homini
2823 1784 3080 1843 tantum

726 1878 1041 1961 tribuunt,
1077 1898 1269 1962 quam
1298 1883 1562 1944 nomine
1616 1883 1818 1944 etiam
1849 1880 1934 1945 ad
1973 1881 2177 1944 Deum
2231 1879 2545 1946 referunt.
2609 1879 2680 1946 Si
2733 1886 2952 1945 autem
2985 1881 3079 1945 di-

726 1986 882 2046 cunt
914 1980 1035 2044 hos
1066 1980 1227 2046 duos
1256 1987 1447 2048 natos
1478 2003 1641 2065 esse,
1674 1982 1802 2047 sibi
1833 1982 2348 2047 erubescendum
2379 1988 2476 2047 est
2509 1985 2678 2068 quia,
2711 1983 2866 2046 dum
2911 2002 3082 2046 unus

726 2090 826 2148 est
858 2086 965 2167 qui
996 2089 1273 2148 vocatur
1302 2084 1810 2168 Primogenitus,
1843 2085 2174 2167 DominuS,
2201 2089 2266 2148 et
2289 2083 2705 2169 Redemptor,
2730 2085 3079 2169 Virginem
3136 2101 3182 2146 15

728 2191 1005 2250 matrem
1068 2190 1477 2269 geminorum
1540 2186 1908 2268 ostendunt,
1956 2191 2022 2250 et
2069 2189 2460 2271 mysterium
2519 2186 3081 2252 inhumanationis

728 2288 1063 2354 adorabile
1096 2295 1163 2353 et
1192 2288 1485 2352 divinum
1518 2294 1960 2355 contemnunt.

816 2389 1225 2476 Quapropter
1270 2389 1571 2456 Christus
1616 2391 1700 2455 ab
1747 2390 2064 2472 omnibus,
2097 2394 2206 2475 qui
2239 2397 2416 2456 recte
2455 2393 2733 2476 sapiunt,
2767 2389 3081 2456 confiten-

728 2492 847 2557 dus
894 2499 991 2556 est
1038 2494 1208 2557 Deus
1260 2493 1455 2558 homo
1509 2492 1738 2575 factm,
1795 2495 1888 2557 ita
1941 2499 2012 2557 ut
2065 2512 2198 2558 non
2258 2496 2672 2558 existimetur
2733 2513 2875 2558 esse
2929 2492 3078 2574 du0,

727 2599 867 2660 sive
915 2615 1253 2680 personae,
1302 2599 1441 2660 sive
1472 2601 1772 2660 naturae.
1821 2595 2101 2678 Etenim,
2149 2615 2282 2660 non
2313 2594 2574 2660 difficile
2605 2595 2833 2660 fuisset
2863 2595 3082 2659 Libris
3133 2611 3184 2656 πο

728 2697 969 2762 divinis
1016 2703 1128 2762 aut
1174 2700 1449 2762 sinceris
1495 2698 1804 2762 Patribus
1847 2697 2083 2762 docere
2129 2717 2279 2762 eum
2327 2697 2658 2762 hominem
2711 2700 3079 2782 sumpsisse,

728 2803 785 2864 si
831 2819 979 2864 eum
1026 2805 1167 2883 post
1213 2799 1820 2864 inhumanationem
1866 2797 1994 2863 duo
2039 2819 2181 2864 esse
2229 2798 2410 2863 credi
2461 2798 2836 2864 voluissent.
2893 2798 3080 2862 Nunc

726 2922 889 2966 vero
934 2902 1262 2966 Iohannes
1309 2901 1720 2984 evangelista
1767 2902 1945 2966 clare
1991 2904 2252 2985 scripsit
2293 2901 2346 2965 ¹:
2401 2922 2437 2964 «
2470 2901 2760 2966 Verbum
2793 2920 2950 2966 caro
2981 2899 3080 2965 fa-

726 3011 902 3068 ctum
926 3009 1023 3068 est
1048 3011 1113 3068 et
1136 3004 1462 3068 habitavit
1486 3007 1557 3067 in
1579 3004 1769 3068 nobis
1799 3023 1874 3079 »3
1903 3009 1968 3068 et
1991 3006 2506 3087 sapientissimus
2521 3003 2764 3068 Paulus
2787 3003 3006 3067 docuit
3029 3000 3078 3066 ²:

730 3128 766 3170 «
800 3107 979 3170 Misit
1032 3106 1203 3169 Deus
1255 3106 1493 3170 Filium
1546 3126 1734 3170 suum
1787 3105 2032 3170 factum
2085 3125 2172 3170 ex
2227 3105 2502 3170 muliere
2535 3127 2594 3188 »,
2643 3111 2710 3170 et
2755 3125 2984 3170 rursus
3015 3104 3077 3169 3:
3133 3121 3189 3166 ᾖ

652 3275 655 3278 ,
732 3230 767 3272 «
801 3209 978 3272 Misit
1025 3208 1196 3272 Deus
1239 3207 1478 3272 Filium
1532 3228 1718 3272 suum
1771 3211 1840 3271 in
1895 3206 2384 3276 similitudinem
2439 3211 2660 3273 carnis
2711 3211 2960 3292 peccati
3013 3213 3078 3271 et

727 3316 994 3396 propter
1036 3315 1245 3396 ipsum
1292 3317 1627 3395 peccatum
1662 3333 1721 3374 ».
1772 3311 1854 3374 Et
1901 3313 2180 3376 trecenti
2233 3309 2458 3375 decem
2511 3317 2577 3376 et
2631 3316 2778 3376 octo
2823 3310 3076 3391 PatreS,

727 3418 835 3498 qui
873 3415 1183 3480 Nicaeam
1216 3420 1683 3496 convenerunt,
1719 3413 2157 3479 definiverunt
2191 3435 2227 3476 «
2261 3414 2432 3478 Deus
2463 3413 2542 3478 de
2566 3414 2719 3496 Dec,
2746 3413 3079 3478 descendit

727 3523 791 3581 et
816 3521 1197 3581 incarnatus
1228 3522 1327 3580 est
1358 3537 1444 3580 ex
1475 3515 1719 3600 Spiritu
1749 3522 1976 3582 sancto
2007 3522 2072 3581 et
2103 3535 2190 3580 ex
2220 3516 2436 3580 Maria
2465 3519 2747 3600 vnginffi
2781 3521 2846 3580 et
2883 3516 3078 3580 homo

726 3619 938 3684 factus
983 3625 1081 3683 est
1114 3640 1186 3695 »3
1238 3624 1303 3682 et
1348 3621 1490 3683 istis
1550 3619 1774 3684 verbis
1833 3623 2058 3703 aperte
2114 3617 2486 3683 refutarunt
2533 3619 2700 3703 quod
2760 3619 3082 3682 haeretici
3137 3633 3194 3684 3⁰

727 3721 981 3786 dicunt:
1033 3722 1234 3785 Deum
1288 3720 1618 3785 hominem
1672 3723 2117 3804 assumpsisse,
2171 3739 2306 3785 non
2359 3740 2520 3786 vero
2573 3723 2783 3805 ipsum
2837 3721 3078 3803 absque

728 3825 1087 3887 mutatione
1134 3823 1633 3887 inhumanatum
1680 3843 1842 3887 esse.
1893 3822 2079 3887 Nunc
2133 3830 2372 3905 autem,
2427 3828 2500 3886 ut
2552 3828 2778 3908 aperte
2830 3821 3082 3887 indica-

728 3930 876 3989 rent
923 3945 1071 3988 eum
1118 3943 1316 3988 unum
1364 3944 1526 4007 esse,
1576 3944 1710 3989 non
1756 3924 1936 4006 duos,
1985 3930 2126 4008 post
2157 3927 2484 4007 unionem,
2519 3945 2638 4009 pro
2682 3946 2718 3988 «
2749 3924 3080 3988 hominem

728 4030 1075 4111 assumpsit
1108 4049 1143 4090 »
1192 4027 1429 4110 ubique
1474 4027 1744 4092 tradunt
1795 4047 1832 4090 <
1863 4027 2155 4092 Verbum
2185 4027 2431 4092 factum
2462 4033 2560 4092 est
2591 4028 2786 4092 homo
2818 4049 2876 4092 ».
2913 4025 3082 4090 Illud

726 4135 902 4195 enim
957 4157 989 4190 α
1023 4130 1314 4195 Verbum
1362 4149 1517 4194 caro
1571 4127 1818 4194 factum
1865 4136 2030 4194 est»
2082 4129 2260 4194 clare
2316 4130 2632 4194 stabilivit
2685 4130 2855 4194 istud
2912 4151 2948 4192 «
2981 4129 3085 4194 fa·
3141 4144 3196 4190 35

728 4240 903 4298 ctum
949 4239 1047 4298 est
1092 4233 1287 4297 homo
1320 4254 1380 4314 »‚
1430 4251 1517 4296 ex
1560 4237 1748 4316 parte
1781 4234 2002 4297 carnis
2031 4237 2236 4296 totum
2275 4232 2603 4297 hominem
2639 4231 3079 4316 designando;

726 4355 881 4399 nam
926 4339 997 4399 in
1052 4355 1129 4399 eo
1183 4333 1351 4418 quod
1404 4332 1650 4398 factum
1713 4338 1811 4398 est
1873 4337 2226 4418 assumptio
2273 4333 2544 4400 docetur
2588 4354 2722 4399 non
2775 4334 3082 4419 hominiS,

818 4557 835 4584 ¹
875 4555 1148 4610 ΙοΗΑΝΝ..
1184 4569 1223 4616 1,
1263 4558 1345 4608 14.
1383 4583 1455 4596 —-·-
1491 4553 1513 4586 ²
1556 4555 1712 4618 Gal.⁹
1751 4567 1829 4620 iv,
1867 4557 1917 4607 4.
1955 4581 2028 4592 —
2062 4551 2084 4582 ⁸
2124 4554 2312 4618 Rom„
2351 4565 2474 4615 vm,
2511 4552 2562 4607 3.
