3400 5642
1700 512 2108 597 «κωνε-

734 657 872 720 scit.
922 653 1301 720 Laudabilis
1346 660 1411 718 et
1456 654 1806 720 metuenda
1829 661 1949 720 est
1995 661 2234 722 natura
2281 659 2455 732 eius;
2505 656 2620 722 sed
2682 678 2806 741 quo
2871 658 3082 742 gradu

733 775 925 822 nemo
956 756 1297 840 intellegit.
1322 755 1586 822 Infinita
1610 762 1708 822 est
1739 762 1978 822 natura
2009 761 2168 840 eius,
2202 761 2564 825 inscrutata
2595 763 2885 826 essentia
2918 763 3080 843 eiuS‚

735 861 1051 924 immensa
1098 862 1309 923 virtus
1354 862 1513 923 eius
1562 859 1746 924 Bona
1777 861 2326 926 eiusmensurata
2357 881 2490 926 non
2521 867 2690 944 sunt,
2715 881 2840 926 nec
2869 862 3082 946 splen-

736 961 929 1026 dores
958 964 1101 1026 eius
1132 963 1555 1044 aequiparati,
1590 981 1712 1026 nec
1743 960 1939 1026 decus
1969 965 2112 1026 eius
2156 962 2572 1046 delineatum,
2607 985 2729 1030 nec
2759 967 3082 1049 sapientia

734 1065 877 1130 eius
922 1062 1277 1144 declarata,
1300 1083 1423 1127 nec
1469 1083 1653 1127 mens
1684 1066 1825 1126 eius
1855 1063 2344 1147 comprehensa,
2369 1084 2493 1128 nec
2533 1068 2894 1132 aeternitas
2943 1068 3083 1146 eius

734 1185 1095 1249 praecessa.
1148 1165 1389 1230 Unicus
1430 1172 1532 1229 est
1576 1168 1647 1228 in
1670 1168 1955 1231 essentia
1981 1186 2117 1245 sua,
2144 1171 2210 1230 et
2242 1166 2524 1232 alterum
2555 1187 2674 1230 ens
2705 1187 3076 1252 supremum

732 1272 798 1333 ei
844 1271 1204 1352 oppositum
1264 1285 1397 1331 non
1458 1270 1734 1349 exsistit,
1790 1287 1912 1332 nec
1972 1273 2212 1334 natura
2273 1289 2436 1352 quae
2501 1272 2565 1333 ei
2623 1274 3074 1353 comparetur;

732 1391 855 1436 nec
902 1369 1060 1434 deus
1106 1373 1215 1453 qui
1259 1373 1344 1434 sit
1388 1373 1451 1434 ei
1496 1370 1760 1446 similis3
1808 1391 1932 1435 nec
1977 1370 2277 1435 dominus
2323 1375 2434 1455 qui
2477 1392 2626 1436 cum
2687 1392 2766 1436 eo
2819 1391 3080 1442 mensu·

629 1486 677 1533 ·.
733 1479 935 1538 retur.
985 1471 1236 1536 Natura
1282 1475 1423 1538 eius
1468 1475 1727 1536 initium
1764 1492 1897 1538 non
1929 1472 2146 1556 habet,
2180 1471 2340 1538 *nec
2369 1477 2656 1538 essentia
2683 1477 2828 1538 eius
2860 1472 3074 1538 finem.

731 1575 1095 1640 Creaturae
1159 1580 1487 1658 ponuntur
1544 1577 1722 1640 inter
1781 1578 2041 1640 initium
2087 1582 2151 1639 et
2197 1574 2424 1652 finem;
2491 1577 2670 1641 locus
2715 1597 2878 1640 vero
2939 1579 3080 1641 eius

734 1683 927 1744 extra
972 1682 1313 1760 utrumque
1360 1682 1475 1742 est.
1525 1677 2007 1760 Cogitationem
2054 1697 2296 1742 novam
2327 1698 2458 1744 non
2483 1681 2738 1762 accipit,
2773 1680 2923 1762 quia
2947 1698 3080 1744 non

732 1779 959 1844 didicit
1005 1779 1349 1863 quidquam
1395 1778 1562 1862 quod
1608 1786 1805 1845 antea
1835 1782 2265 1862 ignoraverit.
2295 1781 2428 1844 Nec
2453 1779 2724 1846 docetur
2753 1781 2889 1846 ulla
2914 1800 3078 1864 quae

732 1901 865 1948 non
910 1884 1315 1965 cognoverit,
1364 1884 1515 1964 quia
1560 1881 1730 1945 nihil
1775 1884 2116 1947 scientiam
2145 1884 2287 1946 eius
2318 1879 2562 1965 effugit.
2591 1883 2968 1948 Doctrinam
2991 1901 3080 1946 ex

712 1987 1057 2049 creaturis
1100 2003 1232 2051 non
1279 1985 1549 2067 colligit,
1598 1987 1750 2067 quia
1817 1987 2028 2048 omnis
2087 1990 2396 2049 creatura
2459 1985 2806 2050 rationalis
2867 2005 2954 2049 ex
2999 2004 3078 2048 eo

730 2086 939 2152 discit.
989 2086 1233 2170 Magna
1280 2092 1344 2150 et
1390 2086 1739 2152 laudabilis
1785 2092 1882 2151 est
1927 2093 2170 2152 natura
2231 2091 2555 2152 essentiae
2603 2091 2763 2170 eiuS,
2814 2093 2878 2152 et
2941 2106 3077 2152 ma-

734 2189 1004 2273 gnitudo
1051 2192 1193 2253 eius
1238 2209 1323 2252 ex
1369 2191 1856 2272 comparatione
1903 2210 2050 2254 cum
2097 2190 2247 2254 aliis
2292 2210 2424 2254 non
2455 2193 2898 2272 cognoscitur,
2924 2209 3078 2252 nam

732 2309 975 2374 magna
1022 2297 1119 2354 est
1166 2291 1547 2375 magnitudo
1595 2294 1736 2354 eius
1781 2294 2039 2356 etiamsi
2085 2312 2232 2355 cum
2281 2291 2414 2356 alio
2461 2311 2593 2356 non
2625 2297 3075 2375 comparetur;

732 2395 846 2460 illa
893 2397 1067 2458 enim
1114 2392 1179 2457 id
1226 2393 1563 2476 singulare
1610 2393 1892 2477 possidet
1939 2393 2106 2477 quod
2137 2395 2264 2458 sibi
2295 2394 2416 2459 soli
2448 2397 2820 2478 comparari
2853 2396 3074 2478 possit.

820 2498 1027 2571 Deua,
1076 2515 1209 2560 non
1254 2499 1635 2579 agnoscitur
1678 2496 1888 2560 bonus
1918 2515 1953 2560 e
1985 2499 2474 2580 comparatione
2507 2516 2654 2560 cum
2689 2496 2880 2561 malis
2905 2499 3076 2580 quia,

708 2601 930 2664 -etiam
976 2617 1107 2662 non
1154 2597 1617 2662 exsistentibus
1662 2597 1873 2680 maliS,
1923 2597 2129 2662 bonus
2175 2602 2304 2673 est;
2355 2618 2476 2663 nec
2507 2597 2748 2664 dicitur
2781 2601 2989 2664 iustus
3037 2619 3074 2662 e

730 2701 1215 2784 comparatione
1264 2719 1409 2762 cum
1454 2701 1693 2781 iniquis
1725 2702 1894 2782 quia,
1930 2702 2128 2762 etiam
2161 2704 2508 2782 antequam
2543 2699 2922 2784 adspexerit
2952 2702 3076 2764 ini-

730 2805 1061 2886 quitatem,
1110 2803 1490 2884 agnoscitur
1534 2803 1759 2864 iustuS.
1811 2802 2020 2866 Decor
2065 2804 2206 2865 eius
2251 2821 2384 2864 non
2415 2807 2687 2885 apparet
2735 2820 2770 2866 e
2819 2822 3076 2886 compa-

730 2908 986 2970 ratione
1056 2923 1203 2968 cum
1264 2903 1684 2986 turpitudine,
1749 2906 1898 2987 quia
1961 2903 2372 2987 pulchritudo
2435 2907 2576 2968 eius
2645 2904 2918 2988 pulchra
2979 2912 3080 2969 est

729 3008 987 3070 etiamsi
1030 3005 1328 3089 turpibus
1374 3023 1507 3068 non
1560 3010 2004 3088 comparetur;
2056 3003 2375 3068 rectitudo
2415 3007 2556 3068 eius
2588 3025 2623 3067 e
2655 3005 3078 3072 mendacibus

728 3128 860 3173 non
922 3110 1258 3190 repetitur,
1329 3111 1479 3190 quia
1539 3109 1788 3172 veritas
1851 3109 1991 3170 eius
2060 3105 2407 3171 manifesta
2469 3111 2614 3170 erat
2683 3109 2882 3170 etiam
2944 3125 3076 3170 non

728 3212 1193 3276 exsistentibus
1238 3210 1690 3285 mendacibus;
1742 3212 2025 3274 essentia
2057 3212 2198 3274 eius
2222 3227 2353 3272 non
2383 3210 2803 3290 cognoscitur
2835 3227 2870 3270 e
2903 3225 3074 3272 com-

728 3315 1068 3396 paratione
1117 3334 1263 3378 cum
1310 3314 1651 3392 creaturiS,
1700 3314 1850 3394 quia
1898 3331 2014 3376 ens
2059 3317 2158 3374 est
2203 3315 2542 3374 aeternum
2589 3311 2788 3372 etiam
2819 3306 3075 3391 quando

728 3420 1073 3479 creaturae
1119 3435 1252 3480 non
1300 3414 1720 3478 exsistebant.
1747 3414 1936 3478 Deus
1981 3430 2114 3476 non
2145 3414 2560 3476 existimatur
2597 3413 2820 3476 suavis
2865 3429 2952 3475 ex
2997 3430 3077 3474 eo

728 3517 895 3600 quod
942 3517 1239 3581 crudeles
1284 3520 1592 3598 existunt,
1642 3518 1794 3598 quia
1839 3517 2016 3578 mitis
2061 3520 2158 3579 est
2203 3519 2271 3578 et
2315 3516 2540 3579 suavis
2600 3515 2798 3578 etiam
2860 3515 3078 3578 saevis

725 3639 860 3683 non
904 3620 1384 3685 exsistentibus.
1434 3617 1688 3683 Malitia
1733 3622 1962 3682 nostra
2007 3637 2139 3682 non
2185 3622 2284 3682 est
2329 3636 2528 3682 causa
2558 3616 2870 3680 bonitatis
2915 3619 3074 3697 eiuS,

726 3741 879 3785 nam
927 3721 1133 3786 bonus
1180 3726 1277 3786 est
1322 3725 1561 3784 natura
1608 3739 1746 3801 sua,
1795 3721 1995 3785 etiam
2042 3725 2390 3802 antequam
2421 3717 2674 3782 malitia
2707 3724 3073 3800 appareret.

725 3823 955 3888 Virtus
1001 3826 1141 3888 eius
1184 3843 1317 3888 non
1380 3825 1760 3904 agnoscitur
1806 3841 1891 3886 ex
1937 3820 2319 3903 infirmitate
2380 3825 2628 3902 nostra,
2685 3839 2839 3886 nam
2887 3819 3079 3884 fortis

720 3931 827 3990 est
872 3929 1069 3991 etiam
1116 3932 1462 4008 antequam
1508 3922 1856 3989 infirmitas
1901 3923 2270 3998 videretur3
2321 3928 2558 3989 natura
2607 3925 2748 3986 eius
2799 3942 2933 3988 non
2980 3927 3078 3988 est

725 4027 1075 4093 invisibilis
1134 4031 1399 4110 propter
1459 4025 1768 4107 visibilia,
1822 4046 1976 4090 nam
2039 4023 2456 4092 absconditus
2515 4030 2614 4088 est
2660 4031 2726 4088 et
2787 4029 3078 4090 secretus

726 4134 925 4195 etiam
973 4136 1318 4212 antequam
1367 4127 1690 4211 spiritalia
1738 4133 2145 4192 crearentur.

816 4233 1055 4298 Unicus
1102 4237 1199 4294 est
1244 4233 1449 4314 igitur
1480 4229 1691 4314 quoad
1715 4232 1966 4296 omnia:
2018 4230 2228 4314 quoad
2253 4232 2622 4311 essentiam,
2647 4234 2716 4294 et
2747 4233 3073 4310 naturam,

727 4340 793 4398 et
838 4335 1058 4399 omnia
1104 4351 1269 4415 quae
1316 4353 1403 4396 ex
1462 4335 1560 4398 eis
1620 4338 1923 4396 manant:
1989 4353 2135 4397 cum
2183 4332 2332 4396 aliis
2377 4351 2460 4394 ne
2507 4333 2579 4394 in
2626 4351 2755 4396 uno
2818 4329 3076 4414 quidem

727 4434 1219 4518 comparandus
1271 4434 1461 4499 Nullo
1486 4437 1661 4498 enim
1691 4434 1882 4499 modo
1907 4437 2229 4498 creaturis
2261 4432 2736 4517 comparandus
2767 4437 2885 4514 est,
2918 4451 3073 4496 nam

725 4557 858 4601 non
928 4536 1144 4618 aliqua
1205 4555 1513 4600 mensura
1575 4540 1788 4602 maior
1851 4543 1948 4602 est
2009 4539 2332 4600 creaturis
2393 4535 2504 4600 ille
2571 4538 2753 4600 cuius
2819 4536 3074 4618 magni-

3143 1589 3189 1633 10

3136 2098 3187 2142 15

3131 3123 3187 3165 25

3130 3629 3188 3674 30

3131 4141 3189 4184 35
