3400 5642
1706 523 1816 603 -κι
1863 518 1950 582 24
1997 520 2107 605 »³-

742 667 897 730 ham
943 671 1011 729 et
1054 665 1240 729 Isaac
1286 670 1353 728 et
1396 663 1611 745 Iacob,
1674 663 1848 728 Ante
1887 666 2126 744 omnia,
2162 663 2316 728 Post
2349 664 2588 744 omnia,
2638 662 2934 746 aliaeque
2967 663 3094 726 hu-

742 766 1020 832 iusmodi
1066 765 1535 850 appellationes
1564 766 1796 849 quibus
1855 767 2288 848 unusquisque
2329 763 2795 848 prophetarum
2839 763 2920 828 de
2965 784 3090 828 na-

742 874 892 932 tura
940 867 1165 932 divina
1212 866 1473 930 diverso
1518 865 1711 931 modo
1758 864 1991 930 docuit.

830 971 1107 1034 Nomina
1154 989 1315 1032 vero
1360 969 1591 1053 quihus
1634 987 1953 1052 personae
2001 973 2334 1050 aeternae,
2369 988 2532 1050 quae
2564 970 2636 1031 in
2666 968 2794 1032 hac
2845 974 3094 1032 natura

741 1078 909 1154 sunt,
939 1074 1243 1155 cognitae
1290 1075 1458 1153 sunt,
1492 1089 1573 1134 ea
1604 1076 1785 1134 sunt:
1819 1070 2038 1152 Pater,
2081 1074 2146 1134 et
2169 1069 2394 1151 Filius,
2414 1074 2478 1133 et
2501 1068 2800 1153 Spiritus.
2825 1070 3090 1133 Etenim

740 1196 885 1240 cum
933 1174 1269 1257 Scriptura
1302 1173 1459 1238 dicit
1490 1174 1714 1255 Deum,
1748 1174 2110 1254 Dominum,
2157 1172 2522 1254 Factorem,
2555 1171 2826 1255 Regem,
2867 1171 3092 1236 Omni-

740 1281 1087 1360 potentem,
1138 1275 1395 1358 aliaque
1457 1274 1827 1338 huiusmodi
1887 1277 2173 1356 nomina,
2229 1278 2538 1338 naturam
2597 1273 2876 1349 indicat;
2941 1294 3092 1338 cum

740 1399 901 1443 vero
950 1381 1245 1442 nominat
1288 1377 1559 1441 Patrem
1590 1381 1655 1440 et
1684 1377 1922 1440 Filium
1956 1383 2022 1442 et
2051 1377 2382 1461 Spiritum,
2417 1396 2535 1460 per
2580 1376 2744 1440 haec
2790 1378 3092 1442 nomina

742 1501 1055 1565 personas
1102 1479 1521 1544 demonstrat.
1550 1479 1625 1542 In
1649 1484 1891 1544 natura
1915 1499 2078 1562 ergo
2103 1482 2426 1544 essentiae
2460 1482 2842 1562 agnoscitur
2871 1483 3090 1544 unitas

741 1589 806 1648 et
852 1586 1149 1646 trinitas:
1198 1585 1417 1646 unitas
1462 1585 1785 1647 essentiae
1833 1590 1898 1647 et
1928 1585 2192 1647 trinitas
2223 1601 2670 1665 personarum,
2704 1601 2838 1646 non
2867 1588 3088 1647 tamen

742 1688 927 1769 quasi
976 1704 1094 1768 per
1139 1704 1499 1748 numerum.
1548 1683 1961 1768 Quapropter
1989 1704 2124 1748 non
2153 1684 2308 1748 licet
2337 1704 2454 1748 eas
2477 1684 2696 1748 dicere
2731 1705 2768 1747 «
2800 1705 3002 1748 unum
3027 1707 3086 1768 »,

746 1808 783 1850 «
817 1786 945 1850 (1110
972 1808 1031 1868 »,
1084 1788 1285 1850 «tria
1318 1807 1377 1866 2»,
1428 1784 1542 1850 sed
1588 1785 1990 1850 solummodo
2036 1786 2143 1850 vel
2189 1789 2552 1850 trinitatem
2597 1786 2707 1851 vel
2755 1793 2890 1850 tres
2943 1806 3089 1870 per-

742 1910 954 1956 sonas.
1004 1889 1149 1954 Non
1195 1892 1371 1952 enim
1418 1893 1673 1974 capitur
1719 1891 1978 1952 initium
2024 1892 2294 1972 primae,
2320 1894 2392 1952 ut
2421 1894 2564 1974 post
2586 1909 2733 1954 eam
2757 1893 2827 1953 in
2859 1889 3088 1954 ordine

741 2012 1166 2057 numerorum
1212 1991 1516 2056 succedat
1562 1990 1866 2073 secunda,
1915 2011 2124 2075 neque
2171 1995 2486 2056 nativitas
2507 1991 2832 2056 secundae
2861 1991 3087 2075 depre-

742 2093 1051 2159 henditur
1096 2099 1167 2158 ut
1200 2093 1480 2158 addatur
1524 2113 1838 2157 numerus
1875 2095 2129 2157 tertiae.
2159 2092 2284 2158 Sed
2306 2094 2508 2158 Pater
2539 2093 2778 2159 dicitur
2828 2114 2865 2156 «
2889 2094 3024 2158 Ens
3047 2115 3083 2158 »

674 2237 685 2248 -
742 2196 1163 2278 solummodO,
1198 2202 1261 2260 et
1308 2196 1513 2259 Filius
1563 2216 1598 2258 <
1631 2194 1842 2260 *filius
1887 2195 2072 2260 Entis
2105 2217 2166 2278 »,
2215 2202 2282 2260 et
2311 2195 2588 2280 Spiritus
2641 2218 2677 2259 «
2703 2217 2788 2260 ex
2818 2196 2987 2260 Ente
3013 2217 3085 2272 »;

744 2305 809 2364 et
854 2300 1287 2382 unusquisque
1336 2318 1565 2362 eorum
1618 2298 2059 2362 essentialiter
2089 2301 2364 2380 exsistit,
2391 2318 2524 2362 non
2583 2317 2744 2362 vero
2791 2301 2977 2381 quasi
3021 2302 3092 2362 in

745 2401 974 2464 ordine
1022 2418 1464 2480 numerorum,
1513 2418 1681 2462 unus
1727 2404 1868 2482 post
1915 2398 2136 2480 alium,
2202 2403 2371 2483 quia,
2427 2407 2498 2464 ut
2545 2399 2702 2480 dixi,
2737 2419 2859 2463 nec
2914 2402 3091 2482 prin-

745 2506 987 2586 cipium
1033 2502 1220 2564 Entis
1268 2499 1798 2584 apprehenditur,
1847 2521 1969 2589 nec
2015 2505 2330 2565 nativitas
2375 2502 2717 2584 secundae,
2766 2521 2891 2566 nec
2943 2521 3092 2586 pro·-

744 2607 954 2669 cessio
1000 2607 1235 2667 tertiae
1279 2622 1641 2686 personae.
1694 2623 1730 2665 «
1765 2603 1936 2668 Ante
1983 2603 2238 2668 stellam
2285 2607 2671 2668 matutinam
2706 2607 2905 2688 genui
2935 2609 3002 2668 te
3029 2625 3088 2686 »,

745 2710 839 2772 ait
870 2707 1073 2770 Pater
1104 2705 1187 2769 ad
1218 2705 1455 2769 Filium
1479 2704 1533 2780 1;
1568 2704 1982 2788 quandonam
2005 2726 2166 2770 vero
2197 2725 2346 2770 eum
2371 2710 2694 2790 genuerit,
2719 2726 2852 2770 non
2879 2712 3092 2771 osten-

744 2808 857 2872 dit.
907 2809 991 2872 Et
1038 2807 1115 2872 de
1164 2807 1407 2891 Spiritu
1438 2807 1643 2870 Filius
1674 2807 1843 2872 dixit
1875 2807 1933 2870 2:
1988 2829 2024 2871 ⁴<
2057 2807 2334 2891 Spiritus
2356 2811 2660 2872 veritatis
2690 2812 2798 2892 qui
2829 2829 2868 2872 a
2892 2809 3092 2872 Patre

746 2910 1039 2994 procedit
1070 2931 1144 2986 »;
1196 2909 1606 2994 quandonam
1668 2915 1888 2974 autem
1935 2915 2000 2974 et
2046 2910 2380 2994 quomodO,
2429 2930 2562 2974 non
2623 2910 3087 2976 manifestavit.

748 3013 973 3097 Itaque
1020 3016 1409 3096 principium
1454 3016 1705 3097 primae
1758 3033 1892 3076 non
1947 3012 2478 3096 apprehenditur,
2509 3033 2716 3097 neque
2763 3017 2948 3078 nasci
2994 3033 3094 3077 se-

746 3115 1047 3196 cundam,
1095 3135 1302 3198 neque
1349 3115 1701 3197 procedere
1735 3117 2018 3178 tertiam.
2054 3113 2274 3197 Neque
2307 3134 2618 3179 numerus
2663 3121 2872 3198 potest
2919 3135 3092 3180 com-

749 3221 928 3302 poni;
980 3221 1088 3302 qui
1134 3221 1306 3282 enim
1370 3222 1672 3281 numerat
1736 3221 2014 3302 primum
2077 3218 2276 3281 habet
2322 3221 2392 3280 in
2437 3221 2836 3300 cogitatione
2883 3221 3093 3282 notio-

748 3341 900 3385 nem
949 3326 1013 3384 et
1058 3319 1251 3384 finem
1300 3327 1363 3384 et
1410 3340 1784 3385 mensuram
1832 3320 2008 3384 illius
2068 3319 2235 3403 quod
2299 3325 2701 3402 numeratur,
2753 3328 2817 3385 et
2863 3319 3094 3384 deinde

750 3425 869 3488 sub
917 3427 1104 3487 initio
1151 3426 1331 3506 ponit
1376 3443 1719 3486 numerum
1767 3426 2065 3506 primum,
2092 3425 2185 3485 ita
2211 3427 2276 3485 et
2309 3421 2678 3505 secundum,
2713 3428 2778 3486 et·
2808 3425 3094 3504 tertium,

750 3533 815 3590 et
863 3528 1228 3589 successive
1278 3530 1583 3608 quotquot
1630 3529 1780 3588 sunt
1827 3544 1905 3588 ea
1953 3543 2116 3607 quae
2167 3524 2484 3587 accedunt
2531 3528 2601 3586 ut
2647 3528 3092 3588 numerentur.

752 3628 916 3692 Nam
963 3632 1093 3692 nisi
1138 3648 1307 3691 unus
1352 3632 1629 3711 primum
1679 3626 2208 3710 apprehendatur
2255 3629 2392 3690 sive
2439 3627 2664 3709 verb0,
2697 3630 2837 3690 sive
2870 3627 3094 3710 digito,

752 3734 892 3794 sive
940 3733 1359 3812 cogitatione,
1408 3749 1539 3792 non
1586 3733 1682 3792 est
1730 3728 1909 3792 locus
1955 3748 2080 3811 quo
2114 3727 2434 3792 secundus
2465 3748 2776 3792 numerus
2807 3729 3096 3811 accedat,

752 3837 817 3896 et
862 3836 1005 3915 post
1051 3831 1224 3893 hunc
1272 3830 1388 3893 alii
1432 3832 1691 3892 numeri
1737 3832 1806 3892 in
1853 3829 2100 3911 ordine,
2151 3832 2318 3894 sicut
2373 3829 2528 3893 dixi.

842 3933 1066 4016 Itaque
1128 3935 1491 3995 trinitatem
1553 3933 1966 3994 nominamus
2011 3936 2076 3994 et
2122 3936 2260 3995 tres
2319 3952 2634 4015 personas
2694 3932 3093 3998 confitemur.

752 4034 1079 4097 Personas
1126 4039 1343 4096 autem
1392 4032 1649 4094 divinas
1694 4051 1812 4114 per
1856 4052 2076 4114 unum,
2127 4032 2274 4115 duo,
2322 4037 2470 4116 tria,
2519 4037 2590 4098 in
2636 4038 3097 4117 compositione

753 4155 1193 4216 numerorum,
1244 4137 1408 4198 sicut
1457 4133 1665 4197 solent
1713 4153 1990 4216 corpora
2037 4140 2148 4198 aut
2196 4155 2508 4219 personas
2545 4139 2936 4220 compositas
2981 4156 3098 4200 nu-

752 4241 1019 4319 merari,
1052 4257 1184 4300 non
1230 4255 1679 4311 numeramus;
1732 4239 1881 4319 quia
1927 4256 2060 4301 non
2107 4237 2653 4321 apprehendimus
2705 4241 2966 4302 initium
3003 4237 3100 4302 ul-

754 4340 879 4403 lius
926 4339 1179 4421 harum,
1230 4341 1369 4401 sive
1432 4341 1701 4421 primae,
1768 4341 1906 4402 sive
1969 4339 2311 4421 secundae,
2361 4343 2500 4404 sive
2561 4344 2819 4423 tertiae,
2854 4346 2925 4404 ut
2982 4341 3098 4404 sub

844 4559 863 4590 ¹
902 4561 999 4612 Ps.
1038 4572 1155 4620 mx,
1193 4558 1240 4611 3.
1280 4588 1350 4596 —-
1386 4557 1407 4588 2
1446 4559 1582 4620 1011..
1617 4571 1720 4620 xv,
1756 4558 1844 4612 26.

3151 1596 3199 1638 10

3149 2109 3196 2150 15

3141 2619 3198 2660 20

3144 3129 3196 3170 ’25

3149 4151 3204 4194 33
