3400 5642
268 1547 323 1592 10

266 2066 321 2110 15

256 3599 323 3645 30

1312 474 1423 553 —·=<(
1473 469 1598 535 197
1646 473 1758 554 >ue-

372 617 737 682 involutum
784 621 849 680 et
879 620 1157 700 positum
1188 619 1258 680 in
1290 619 1629 700 praesepio
1653 636 1714 680 ».
1767 615 1846 678 Et
1878 615 1956 679 de
1989 617 2129 699 ipsa
2162 615 2441 698 Virgine
2482 613 2724 679 dictum

374 727 469 784 est
501 719 552 784 ¹:
609 741 644 783 ‹<
677 719 841 784 Cum
887 719 1136 803 impleti
1168 725 1384 783 essent
1431 719 1570 783 dies
1616 722 1758 782 eius
1811 723 1882 781 ut
1921 723 2202 802 pareret,
2238 721 2490 802 peperit
2518 716 2721 782 filium

374 843 556 886 suum
604 824 1131 907 primogenitum,
1180 827 1245 885 et
1277 824 1511 905 pannis
1556 841 1705 885 eum
1736 821 2033 903 involvit,
2069 825 2134 884 et
2181 820 2530 885 reclinavit
2578 840 2724 884 eum

376 928 444 987 in
474 924 815 1008 praesepio
849 945 906 986 ».
940 922 1024 986 Et
1056 943 1334 1005 rursum,
1360 922 1481 986 ubi
1504 922 1932 1005 Evangelista
1958 921 2144 986 docet
2169 942 2316 986 eum
2343 928 2726 1006 conceptum

374 1025 593 1109 fuisse,
642 1029 835 1088 unius
881 1024 1227 1109 significat,
1274 1044 1407 1089 non
1440 1023 1736 1106 duorum,
1770 1024 1970 1088 fuisse
2003 1029 2382 1108 conceptum
2401 1024 2459 1087 2:
2516 1025 2725 1089 «Iesu

374 1128 620 1192 Christi
664 1130 980 1191 nativitas
1026 1129 1117 1191 sic
1167 1132 1343 1192 erat:
1394 1126 1556 1190 Cum
1605 1125 1993 1210 desponsata
2041 1131 2210 1190 esset
2257 1127 2470 1190 Maria
2511 1131 2725 1191 mater

374 1233 515 1294 eius
559 1230 853 1314 Ioseph0,
902 1249 1048 1294 cum
1107 1249 1240 1293 non
1302 1232 1780 1311 convenissent,
1843 1231 2113 1292 inventa
2174 1234 2270 1291 est
2319 1228 2597 1312 gravida
2645 1229 2723 1293 de

374 1331 615 1416 Spiritu
662 1338 888 1397 sancto
915 1352 986 1408 »;
1037 1337 1103 1396 et
1147 1331 1421 1415 Iosepho
1476 1335 1569 1395 ait
1614 1331 1891 1414 angelus
1919 1330 1974 1394 3:
2029 1352 2064 1394 ‹<
2097 1330 2221 1402 Qui
2267 1336 2460 1395 natus
2505 1336 2602 1394 est
2655 1335 2722 1394 in

375 1453 454 1498 ea
501 1433 579 1498 de
628 1432 872 1517 Spiritu
919 1438 1143 1498 sancto
1190 1438 1320 1509 est3
1370 1435 1583 1517 pariet
1628 1431 1836 1496 filium
1885 1437 1950 1496 et
1987 1434 2254 1498 vocabis
2298 1452 2537 1497 nomen
2585 1436 2724 1497 eius

374 1537 585 1600 Iesum
620 1558 677 1600 ».
742 1536 826 1599 Et
873 1555 1133 1599 rursum
1191 1535 1402 1618 quoad
1448 1538 2007 1600 circumcisionem
2055 1556 2224 1599 unus
2271 1537 2720 1618 agnoscitur⁴z

380 1659 415 1701 ⁴<
448 1639 530 1702 Et
576 1658 722 1703 cum
769 1638 1018 1722 impleti
1048 1642 1265 1701 essent
1296 1637 1435 1701 dies
1466 1643 1611 1702 octo
1642 1642 1713 1700 ut
1745 1636 2286 1702 circumciderent
2317 1659 2483 1720 eum,
2525 1641 2725 1702 etiam

374 1738 714 1805 *vocatum
761 1746 858 1804 est
902 1759 1142 1804 nomen
1190 1742 1331 1803 eius
1376 1739 1574 1821 Iesus,
1640 1739 1807 1823 quod
1861 1745 2163 1804 vocatum
2211 1745 2308 1803 est
2355 1741 2438 1804 ab
2486 1741 2723 1824 angelo
2819 1787 2832 1802 .

376 1847 748 1927 priusquam
793 1845 865 1906 in
913 1848 1099 1906 utero
1146 1845 1601 1926 conciperetur
1632 1863 1689 1904 ».
1757 1842 2037 1924 Pariter,
2103 1862 2249 1906 cum
2313 1842 2724 1907 deduxerunt

376 1966 521 2009 eum
568 1949 637 2009 in
682 1944 992 2029 templum
1038 1950 1110 2007 ut
1172 1941 1483 2008 offerrent
1544 1943 1907 2008 oblationes
1966 1943 2459 2027 purificationiS,
2523 1965 2723 2008 unum

376 2046 719 2112 deductum
767 2067 926 2128 esse,
976 2052 1041 2110 et
1072 2065 1346 2110 munera
1378 2065 1497 2129 pro
1528 2066 1659 2110 uno
1692 2045 1910 2110 oblata
1943 2045 2143 2110 fuisse
2176 2049 2486 2130 scriptum
2539 2052 2636 2110 est
2663 2047 2719 2110 5:

382 2176 418 2217 ‹
434 2155 515 2217 Et
532 2161 869 2238 postquam
892 2155 1321 2218 consummati
1344 2158 1493 2216 sunt
1518 2153 1655 2217 dies
1680 2155 2107 2237 purgationiS,
2135 2154 2486 2218 secundum
2511 2154 2723 2237 legem

377 2256 591 2338 MosiS,
641 2255 932 2318 tulerunt
977 2254 1160 2318 illum
1200 2257 1268 2316 in
1300 2254 1659 2318 Ierusalem
1691 2261 1760 2317 ut
1791 2257 2096 2318 sisterent
2126 2275 2292 2318 *eum
2340 2274 2562 2319 coram
2603 2255 2727 2319 Do-

378 2361 570 2438 mino,
620 2359 787 2420 sicut
833 2359 1144 2439 scriptum
1206 2362 1303 2420 est
1364 2359 1432 2419 in
1479 2355 1625 2440 lege
1674 2357 1966 2421 Domini:
2031 2355 2234 2420 Omne
2297 2357 2724 2421 masculinum

377 2459 764 2544 adaperiens
810 2459 1076 2522 vulvam
1108 2464 1404 2522 sanctum
1436 2458 1709 2522 Domino
1739 2458 2084 2522 vocabitur
2116 2480 2174 2522 ».
2226 2459 2472 2542 Ubique
2521 2462 2727 2542 igitur

376 2567 717 2645 reputatur
761 2561 971 2644 Virgo
1018 2561 1207 2624 nobis
1259 2579 1458 2623 unum
1507 2562 1856 2644 peperisse,
1905 2563 2013 2644 qui
2045 2565 2143 2625 est
2173 2561 2344 2624 idem
2383 2563 2522 2645 ipse
2554 2562 2724 2626 Deus

376 2667 441 2726 et
486 2664 680 2727 homo
726 2682 842 2726 seu
888 2663 1057 2725 Deus
1103 2661 1602 2725 inhumanatus:
1652 2663 1724 2724 in
1771 2664 2298 2744 annunciitione,
2332 2665 2402 2725 in
2444 2681 2725 2745 genera-

374 2768 571 2848 tione,
621 2767 690 2828 in
736 2769 1070 2847 conceptu.
1118 2763 1231 2826 ubi
1275 2769 1469 2827 natus
1516 2770 1613 2828 est
1660 2769 1725 2828 et
1771 2767 2016 2847 positus
2057 2767 2124 2827 '11
2170 2767 2540 2848 praesepi03
2577 2784 2724 2828 rur-

376 2888 535 2948 sum,
564 2873 627 2931 et
674 2866 785 2929 ubi
832 2868 1082 2949 accepit
1142 2867 1705 2930 circumcisionem
1768 2872 1832 2930 et
1895 2865 2230 2930 adscendit
2285 2870 2354 2929 in
2415 2864 2724 2949 templum

376 2969 729 3052 obtulitque
778 2987 1069 3050 munera,
1120 2968 1285 3031 haec
1332 2971 1551 3031 omnia
1600 2973 1663 3030 et
1711 2968 1969 3051 singula
2017 2972 2206 3032 unius
2253 2988 2395 3032 esse
2453 2967 2727 3032 manife-

374 3077 543 3135 stum
576 3077 691 3153 est,
726 3091 915 3154 quem
944 3073 1192 3134 nemini
1216 3071 1367 3135 licet
1392 3074 1461 3133 in
1486 3089 1800 3154 personas
1823 3070 1929 3134 vel
1954 3073 2024 3134 in
2051 3076 2324 3134 naturas
2348 3090 2720 3136 numerare.

374 3173 651 3255 Etenim,
714 3192 847 3237 non
909 3193 1109 3236 unum
1168 3176 1585 3236 incarnatum
1638 3177 1704 3236 et
1765 3178 2145 3256 conceptum
2207 3193 2348 3237 esse
2414 3175 2725 3257 scriptum

374 3282 491 3358 est,
541 3281 606 3340 et
652 3275 812 3340 duos
856 3281 1046 3339 natos
1092 3296 1233 3339 esse
1288 3275 1727 3359 cogitandum,
1775 3281 1846 3338 ut
1893 3278 2002 3338 isti
2048 3275 2302 3340 dicunt:
2354 3279 2462 3360 qui
2508 3279 2727 3340 incar-

372 3383 566 3442 natus
613 3382 710 3442 est
756 3397 923 3441 unus
970 3383 1034 3440 et
1082 3381 1189 3460 qui
1234 3381 1375 3440 nati
1421 3383 1570 3441 sunt
1603 3377 1749 3461 duo,
1785 3378 1955 3441 Deus
1997 3383 2060 3440 et
2106 3379 2322 3442 homo,
2372 3378 2516 3442 Non
2551 3381 2726 3442 enim

376 3479 770 3563 duplicatum
810 3484 907 3544 est
938 3479 1229 3543 Verbum
1261 3483 1329 3542 in
1376 3484 1582 3561 utero,
1616 3499 1740 3543 nec
1784 3499 2058 3544 numero
2091 3485 2371 3562 auctum,
2413 3483 2720 3563 quoniam

374 3600 507 3646 non
554 3581 885 3645 hominem
915 3583 1184 3664 sumpsit
1216 3582 1340 3644 sibi
1386 3584 1494 3664 qui
1540 3601 1686 3644 cum
1719 3601 1798 3645 eo
1827 3587 2310 3663 numeraretur,
2353 3581 2466 3644 sed
2513 3584 2723 3665 ipsum

376 3683 618 3748 factum
650 3690 747 3748 est
780 3688 919 3748 sine
952 3687 1309 3748 mutatione
1343 3684 1569 3760 hom03
1621 3689 1685 3747 et
1717 3687 1982 3767 insuper
2011 3704 2094 3748 ne
2126 3684 2430 3768 possibile
2465 3684 2720 3767 quidem

376 3791 520 3850 erat
566 3792 637 3850 ut
683 3786 853 3850 Deus
899 3806 1046 3850 cum
1092 3786 1353 3850 homine
1401 3791 1880 3867 numeraretur,
1931 3785 2044 3850 sed
2089 3789 2227 3870 ipse
2260 3785 2472 3850 factus
2511 3791 2609 3849 est
2657 3785 2724 3847 id

377 3886 544 3971 quod
590 3894 687 3952 est
732 3891 1167 3972 unusquisque
1214 3892 1527 3970 nostrum,
1567 3894 1858 3972 praeter
1911 3894 2247 3972 peccatum
2308 3893 2373 3952 et
2420 3891 2726 3972 concupi-

376 3993 716 4054 scientiam
748 3997 814 4054 et
845 4011 1008 4074 quae
1042 3991 1125 4055 ab
1157 3996 1350 4055 extra
1381 3994 1683 4074 ingressa
1715 3997 1863 4054 sunt
1889 3991 2385 4074 plasmationem
2408 3995 2721 4054 nostram.

377 4090 555 4156 Sicut
600 4098 745 4156 erat
790 4112 957 4156 unus
1002 4090 1174 4155 filius
1220 4095 1643 4176 incorporeus
1695 4099 2042 4176 antequam
2089 4091 2295 4174 fieret,
2345 4095 2438 4156 ita
2485 4094 2725 4156 mansit

377 4213 545 4258 unus
589 4197 1043 4278 incorporatus
1104 4200 1439 4278 postquam
1485 4194 1696 4258 factus
1759 4199 1873 4258 est.
1938 4194 2071 4258 Nec
2134 4197 2383 4278 accepit
2436 4194 2726 4257 Trinitas

468 4433 483 4460 ¹
524 4433 677 4495 Luc,
702 4445 762 4493 11,
800 4433 851 4486 6.
875 4433 928 4485 7.
966 4463 1033 4470 —
1072 4431 1093 4462 ²
1132 4435 1398 4498 Mam-ru„
1436 4446 1475 4494 1,
1516 4433 1598 4486 18.
1639 4463 1707 4470 —
1745 4431 1766 4462 ³
1795 4431 1964 4495 Ibid„
1988 4433 2073 4486 20.
2122 4463 2176 4470 —
2219 4431 2242 4463 ⁴
2282 4434 2433 4501 Luc,
2459 4446 2521 4496 11,
2543 4433 2631 4487 21.
2658 4463 2725 4470 —

377 4514 399 4544 ⁶
440 4513 593 4579 Luc,
628 4530 687 4583 11,
726 4519 815 4579 22,
834 4517 923 4572 23.
