3400 5642
1752 567 1865 652 4⁴(
1909 565 1997 630 68
2045 574 2156 653 »ε-

781 709 1227 792 annunciavit‚
1278 728 1365 772 ex
1410 709 1625 793 Magis
1672 714 1738 774 et
1784 729 2012 774 eorum
2065 709 2271 794 doniS,
2321 731 2406 774 ex
2453 708 2864 774 multitudine
2910 709 3137 794 Ange-

781 810 993 875 lorum
1025 813 1133 894 qui
1178 831 1327 874 eum
1358 813 1946 894 annunciaverunt,
1980 831 2236 876 necnon
2268 831 2352 876 ex
2385 812 2517 876 alio
2548 811 2805 894 Angelo
2838 813 2947 894 qui
2977 831 3128 875 eum

781 913 1148 996 pastoribus
1192 912 1671 989 manifestavit;
1722 918 1788 977 et
1817 916 2076 990 iterum,
2112 933 2199 979 ex
2231 934 2308 978 eo
2340 913 2510 997 quod
2541 913 2781 997 absque
2812 915 2945 976 viri
2977 933 3133 978 con-

781 1016 983 1079 sortio
1030 1020 1377 1099 conceptus
1423 1021 1519 1079 est
1566 1020 1631 1078 et
1676 1020 1870 1080 natus
1902 1036 1988 1079 ex
2033 1021 2244 1080 matre
2277 1019 2558 1100 virgine.
2593 1015 2720 1088 Qui
2757 1015 2954 1079 aliter
2984 1035 3134 1079 sen-

778 1119 858 1180 tit
903 1119 1239 1180 invenitur
1284 1117 1449 1182 haec
1495 1120 1715 1182 omnia
1761 1119 2133 1182 testimonia
2165 1117 2421 1201 aliaque
2454 1117 2824 1182 huiusmodi
2855 1123 2926 1181 ut
2957 1116 3128 1181 falsa
3205 1132 3238 1176 5

780 1219 1045 1283 habere.
1097 1219 1193 1282 Tu
1238 1238 1419 1302 vero,
1468 1218 1661 1284 doces
1708 1240 1856 1284 eum
1903 1225 2170 1305 propter
2213 1240 2401 1304 quem
2433 1220 2600 1284 haec
2634 1225 2699 1284 et
2745 1218 2878 1285 alia
2909 1220 3135 1283 huius-

778 1320 952 1386 modi
997 1323 1370 1386 testimonia
1418 1321 1571 1386 data
1617 1327 1786 1404 sunt,
1833 1342 1966 1386 non
2013 1342 2155 1386 esse
2194 1321 2434 1386 Filium
2478 1322 2615 1405 Dei,
2649 1321 2763 1386 sed
2793 1322 3127 1386 hominem

779 1422 1137 1506 quemdam,
1166 1426 1331 1486 sicut
1360 1442 1560 1487 unum
1592 1443 1680 1488 ex
1711 1425 1914 1500 iustis,
1949 1426 2057 1507 qui
2088 1443 2367 1507 magnus
2399 1427 2664 1508 agnitus
2695 1429 2794 1489 est
2830 1443 2966 1487 non
3012 1443 3131 1508 per

778 1531 1083 1590 naturam
1132 1525 1245 1589 sed
1289 1545 1407 1609 per
1452 1530 1854 1590 creationem
1899 1547 2101 1591 suam.
2129 1525 2312 1599 Quod
2359 1530 2415 1590 si
2459 1527 2569 1591 hic
2614 1547 2746 1591 non
2779 1528 2863 1590 sit
2894 1525 3126 1607 Filius,

777 1625 891 1691 sed
936 1628 1150 1710 hom0,
1198 1631 1353 1691 tunc
1398 1647 1481 1691 ne
1530 1647 1669 1691 esse
1717 1627 1973 1711 quidem
2022 1628 2153 1692 Deo
2213 1627 2452 1691 Filium
2513 1627 2784 1692 evidens
2827 1631 2945 1691 est.
2997 1625 3122 1690 Ubi
3179 1647 3233 1692 ω

778 1732 985 1794 enim·
1014 1733 1365 1813 quaeretur
1408 1729 1701 1793 Verbum
1749 1729 1886 1812 Dei,
1933 1733 1990 1794 si
2036 1729 2143 1794 hic
2197 1749 2329 1794 non
2382 1728 2760 1793 invenitur?
2817 1729 2894 1792 Et
2948 1727 3120 1792 unde

778 1834 1055 1898 sciemus
1100 1851 1247 1895 eum
1294 1831 1400 1894 vel
1439 1833 1779 1914 exsistere,
1829 1833 1884 1894 si
1931 1851 2016 1896 ex
2062 1831 2188 1895 hac
2233 1833 2581 1895 nativitate
2627 1829 2695 1894 id
2753 1849 2888 1894 non
2936 1828 3131 1893 disci-

782 1931 965 1997 mus?
1012 1933 1179 1997 Nam
1226 1935 1282 1996 si
1326 1932 1437 1996 ille
1486 1937 1593 2017 qui
1639 1953 1726 1996 ex
1769 1933 2049 2017 Virgine
2095 1938 2290 1997 natus
2333 1938 2434 1996 est
2501 1931 2676 1996 idem
2719 1952 2852 1996 non
2891 1934 2977 1995 sit
3023 1933 3132 2015 qui

778 2056 864 2099 ex
908 2035 1108 2100 Patre
1158 2037 1417 2118 genitus
1463 2040 1579 2117 est,
1628 2035 1744 2099 sed
1782 2033 1950 2100 alius
1978 2035 2174 2100 homo
2207 2034 2505 2099 mortalis
2538 2033 2622 2098 ab
2654 2055 2733 2099 eo
2767 2033 3128 2115 distinctuS,

777 2140 1157 2202 existimare
1206 2137 1513 2201 debemus
1573 2136 1742 2220 quod
1785 2137 1958 2202 Deus
2000 2137 2396 2202 naturaliter
2440 2136 2677 2200 Filium
2723 2156 2856 2200 non
2902 2135 3124 2218 habet,
3183 2154 3238 2198 ιτ)

777 2238 1315 2323 quemadmodum
1360 2243 1425 2302 et
1471 2238 1790 2304 haeretici
1837 2260 1983 2304 cum
2043 2239 2302 2303 Iudaeis
2363 2237 2604 2303 dicunt.
2668 2237 2873 2302 Filius
2918 2240 3130 2321 igitur

776 2343 1076 2426 Virginis
1122 2347 1220 2406 est
1264 2345 1401 2426 ipse
1447 2340 1652 2406 Filius
1698 2342 2300 2419 consubstantialis;
2365 2345 2430 2406 et
2489 2341 2620 2425 ille,
2671 2343 2780 2426 qui
2824 2339 3002 2405 fabri
3049 2339 3126 2406 fi-

777 2443 902 2508 lius
946 2448 1217 2508 vocatus
1263 2448 1378 2525 est,
1428 2447 1564 2527 ipse
1612 2449 1710 2507 est
1756 2463 1874 2528 per
1919 2463 2108 2527 quem
2153 2443 2416 2508 saecula
2461 2441 2638 2508 facta
2671 2447 2838 2507 sunt.
2873 2441 2943 2506 Si
2981 2445 3126 2526 quis

778 2566 923 2610 eum
971 2551 1149 2610 recte
1198 2549 1470 2630 quaerit,
1498 2565 1661 2629 quae
1708 2550 2002 2630 spectant
2049 2545 2133 2609 ad
2171 2545 2343 2610 hanc
2387 2548 2802 2610 nativitatem
2848 2565 3128 2629 percun-

778 2652 1006 2712 ctetur.
1040 2647 1219 2713 Haec
1266 2650 1441 2712 enim
1487 2653 1675 2732 porta
1721 2646 1846 2712 fuit
1891 2667 2008 2732 per
2039 2666 2232 2732 quam
2278 2647 2388 2711 ille
2422 2646 2506 2711 ad
2535 2666 2657 2712 nos
2688 2647 2962 2710 intravit
2994 2649 3126 2730 qui,
3182 2667 3245 2712 ρο

777 2753 996 2814 statim
1044 2770 1122 2814 ac
1167 2769 1285 2834 per
1329 2749 1509 2814 illam
1554 2751 1846 2832 intravit,
1895 2752 2196 2814 continuo
2245 2749 2329 2813 ab
2358 2748 2632 2832 Angelis
2665 2747 2975 2813 adoratus
3007 2755 3129 2830 est,

777 2857 847 2915 ut
894 2851 1240 2936 Apostolus
1285 2855 1483 2916 etiam
1530 2853 1655 2916 hac
1701 2851 1781 2916 de
1828 2871 1902 2916 re
1950 2849 2270 2916 affirmat*
2311 2872 2326 2916 τ
2380 2873 2416 2915 «
2447 2851 2532 2916 Et
2577 2871 2725 2916 cum
2769 2850 3126 2916 introducit

777 2956 1279 3037 primogenitum
1326 2954 1391 3016 in
1439 2954 1664 3018 orbem
1709 2959 1950 3037 terrae,
2002 2953 2200 3018 dixit:
2235 2953 2526 3018 Adorent
2559 2973 2707 3018 eum
2740 2973 2964 3018 omnes
2994 2952 3132 3016 An-

781 3055 913 3139 geli
972 3055 1092 3120 Dei
1144 3077 1202 3120 ».
1264 3053 1448 3127 Quod
1508 3061 1573 3120 et
1634 3055 2060 3140 Evangelista
2121 3056 2479 3132 revelavit;
2545 3058 2801 3140 scripsit
2863 3055 3126 3120 enim2:

711 3205 720 3214 .
783 3177 820 3222 ‹<
868 3156 1098 3222 Statim
1144 3177 1223 3222 ac
1268 3163 1457 3222 natus
1504 3162 1620 3241 est,
1652 3158 1866 3222 subito
1913 3159 2056 3222 visa
2103 3162 2202 3222 est
2245 3157 2589 3222 multitudo
2619 3155 2930 3222 *militiae
2977 3176 3132 3222 cae-
3183 3181 3248 3224 25>

778 3260 958 3325 lestis
989 3260 1407 3324 clamantium
1438 3265 1502 3324 et
1534 3261 2064 3325 annunciantium
2089 3281 2252 3345 quae
2277 3263 2519 3344 scripta
2551 3265 2781 3324 sunt».
2809 3260 2914 3323 Ex
2937 3264 3130 3323 utero

777 3382 939 3446 ergo
1008 3362 1339 3426 revelatus
1385 3366 1483 3426 est
1544 3365 1608 3426 in
1657 3382 1888 3438 carne;
1940 3383 2024 3426 ex
2071 3361 2270 3426 vulva
2317 3361 2751 3446 corporaliter
2795 3381 2866 3425 se
2919 3363 3132 3424 mani-

776 3464 1058 3529 festavit.
1108 3465 1319 3548 Virgo
1364 3466 1572 3548 igitur
1616 3467 2120 3549 primogenitum
2165 3467 2232 3527 in
2279 3462 2585 3527 mundum
2624 3462 3006 3544 introduxit,
3043 3465 3134 3526 si·-

776 3572 883 3630 cut
928 3570 1242 3651 scriptum
1289 3571 1402 3630 est.
1452 3567 1535 3630 Et
1580 3570 1639 3630 si
1683 3567 1793 3631 hic
1839 3567 2044 3631 Filius
2087 3566 2205 3630 Dei
2251 3571 2368 3649 est,
2417 3564 2957 3649 quemadmodum
3011 3584 3130 3628 nos

776 3667 1119 3751 credimus,
1167 3689 1285 3753 per
1329 3670 1499 3733 hanc
1544 3671 1956 3733 nativitatem
2009 3671 2432 3752 cognovimus
2485 3688 2634 3732 eum
2681 3670 3021 3732 exsistere.
3059 3665 3129 3730 Si
3182 3686 3248 3732 30

778 3775 994 3833 autem
1041 3776 1138 3835 est
1183 3771 1378 3835 homo
1434 3771 1602 3834 alius
1654 3791 1695 3835 a
1756 3769 1924 3835 Filio
1985 3769 2342 3853 distinctus,
2405 3789 2531 3834 non
2592 3769 2908 3833 habemus
2954 3767 3128 3832 unde

777 3874 1073 3936 invenire
1120 3876 1438 3956 possimus
1483 3871 1720 3936 Filium
1766 3872 1902 3955 Dei,
1935 3892 2086 3937 nam
2117 3874 2230 3955 ubi
2259 3874 2369 3937 hic
2401 3863 2780 3956 a'gnoscitur
2811 3874 2874 3934 in
2910 3869 3132 3955 Scrip-

776 3979 927 4038 tura
975 3974 1395 4041 adversarius
1440 3975 1628 4040 dicit:
1678 3975 1999 4060 Apparuit
2045 3977 2228 4040 nobis
2257 3975 2488 4051 hom03
2524 3979 2590 4038 et
2620 3974 2732 4037 ubi
2762 3973 3129 4038 Christiani

776 4081 1172 4160 putaverunt
1218 4097 1287 4142 se
1334 4076 1402 4141 id
1432 4080 1816 4162 cognovisse
1863 4077 2030 4161 quod
2074 4078 2490 4162 ignorabant,
2517 4095 2669 4140 ecce
2703 4077 2992 4140 occurrit
3025 4076 3126 4138 eis

776 4177 943 4262 quod
989 4179 1387 4263 prohibitum
1434 4186 1532 4245 est
1577 4183 1918 4264 quominus
1963 4182 2221 4244 scirent.
2270 4179 2528 4243 Etenim
2575 4197 2692 4262 per
2759 4177 3116 4241 humanam
3171 4199 3238 4245 35

778 4283 1188 4346 nativitatem
1232 4281 1647 4347 crediderunt
1678 4302 1748 4346 se
1779 4282 2016 4346 Filium
2047 4283 2166 4346 Dei
2197 4284 2602 4365 cognovisse,
2623 4284 2688 4344 et
2720 4281 2828 4363 qui
2860 4283 3132 4343 conten—

674 4409 683 4418 ·
775 4385 939 4447 tiose
986 4381 1174 4448 docet
1220 4383 1387 4447 dixit
1433 4403 1581 4447 eum
1624 4382 2128 4448 existimandum
2168 4403 2310 4448 esse
2363 4383 2710 4464 hominem,
2743 4399 2868 4446 non
2903 4384 3126 4443 autem
3243 4387 3250 4396 ’

867 4603 885 4632 ¹
924 4601 1126 4669 Hebr„
1164 4615 1203 4665 1,
1241 4601 1293 4655 6.
1331 4631 1402 4641 —
1438 4601 1459 4634 ²
1499 4601 1653 4664 Luc„
1688 4615 1749 4665 11,
1791 4602 1876 4656 13.
