3400 5642
440 881 496 938 p.
532 866 653 921 195.

443 3535 499 3591 p.
536 3522 655 3577 196.

1654 512 1770 598 4⁴(
1824 512 1952 577 146
2001 513 2116 600 »³—

710 654 879 720 dixit
910 653 1257 740 Apostolus
1288 654 1341 720 ¹:
1394 677 1430 718 ‹
1464 655 1657 722 Fides
1686 676 1774 722 ex
1805 657 2064 733 auditu;
2099 656 2360 724 auditus
2389 663 2610 724 autem
2638 677 2758 742 per
2785 657 3064 722 verbum

710 757 829 822 Dei
860 784 921 840 »‚
970 756 1181 839 debet,
1228 762 1301 822 ut
1346 760 1593 842 opinor,
1626 778 1760 824 non
1805 758 2013 824 solum
2045 759 2124 824 de
2170 759 2562 842 hominibuS,
2591 759 2706 824 sed
2748 763 2952 826 etiam
2983 759 3066 826 de

710 861 987 926 ¹'ceteris
1046 862 1304 926 naturis
1364 861 1798 926 rationalibus
1857 864 2085 946 accipi.
2147 861 2332 936 Quod
2383 864 2442 926 si
2501 881 2684 926 mens
2751 881 2834 928 ea
2896 882 3064 945 quae

710 961 1091 1027 abscondita
1136 967 1285 1027 sunt
1330 962 1473 1046 plus
1534 982 1742 1046 aequo
1787 963 2218 1047 contemplari
2275 963 2434 1044 vult,
2481 966 2546 1030 ei
2597 963 2840 1047 accidit¹
2894 963 3068 1047 quod

710 1070 775 1128 et
806 1063 995 1128 oculo
1025 1083 1170 1128 cum
1202 1065 1437 1128 nititur
1466 1064 1730 1148 globum
1757 1065 1914 1130 solis
1937 1065 2361 1130 immoderate
2385 1068 2648 1148 intueri,
2673 1069 3064 1151 praesertim

710 1171 1000 1250 tempore
1048 1164 1217 1249 quod
1262 1165 1348 1232 ab
1378 1169 1629 1230 oriente
1661 1165 2030 1244 adscendit;
2077 1172 2216 1232 tum
2261 1170 2456 1250 enim,
2512 1187 2630 1252 pro
2661 1167 2818 1232 solis
2862 1167 3066 1232 vehe-

710 1270 915 1332 menti
946 1266 1111 1350 luce,
1144 1267 1277 1349 ille,
1310 1269 1419 1351 qui
1442 1270 1752 1350 intuetur,
1777 1272 1944 1334 sicut
1973 1269 2294 1352 quoddam
2323 1269 2542 1334 velum
2571 1289 2768 1355 super
2799 1270 3064 1354 globum

712 1375 1053 1434 extensum
1098 1369 1325 1436 videre
1374 1376 1575 1453 putat.
1624 1371 1765 1436 Etsi
1809 1389 1942 1434 non
1988 1374 2072 1436 sit
2117 1374 2186 1435 in
2233 1371 2368 1438 sole
2415 1371 2594 1436 aliud
2639 1377 2704 1436 et
2749 1371 2948 1454 aliud,
2999 1371 3064 1434 id

711 1475 827 1552 est,
878 1469 995 1534 lux
1040 1470 1193 1537 alba
1238 1476 1303 1534 et
1349 1470 1567 1535 velum
1614 1471 1906 1553 rubrum,
1955 1471 2179 1538 oculus
2208 1478 2444 1554 tamen,
2479 1479 2744 1557 propter
2787 1471 3064 1537 infirmi-

712 1579 915 1637 tatem
963 1589 1149 1637 suam
1194 1579 1261 1637 et
1306 1577 1457 1658 quia
1488 1581 1796 1643 accurate
1828 1578 2072 1640 intueri
2115 1595 2244 1640 non
2277 1579 2503 1659 potuit,
2551 1575 2728 1640 aliud
2774 1595 2892 1659 pro
2931 1576 3064 1640 alio

710 1675 891 1740 vidit.
942 1674 1043 1739 Ita
1088 1681 1153 1739 et
1198 1696 1399 1758 mens,
1447 1681 1504 1742 si
1548 1677 1689 1741 vult
1737 1697 2108 1744 mensuram
2154 1678 2618 1744 rationalitatis
2669 1697 2826 1743 suae
2873 1698 3066 1762 prae-

710 1775 1003 1860 tergredi
1050 1783 1114 1842 et
1159 1776 1373 1842 locum
1419 1778 1531 1842 ubi
1575 1779 1867 1843 Verbum
1929 1779 2270 1862 habitavit,
2325 1779 2394 1844 id
2453 1785 2570 1862 est,
2619 1782 3064 1844 sanctuarium

714 1880 887 1942 uteri
920 1881 1263 1962 genitricis
1294 1879 1430 1954 Dei,
1466 1879 1632 1962 quod
1657 1880 1784 1946 fuit
1813 1882 1980 1946 sicut
2011 1880 2242 1964 globus
2271 1881 2394 1946 soli
2417 1883 2726 1962 iustitiae,
2751 1879 3068 1945 audacter

714 1982 979 2062 intueri,
1027 1983 1153 2044 etsi
1182 1984 1665 2046 existimaverit
1694 1982 1788 2046 ibi
1820 1983 1982 2046 duos
2011 1982 2136 2046 sibi
2167 1985 2566 2067 apparuisse,
2599 1982 2802 2046 Deum
2832 2001 3065 2064 nempe

711 2087 777 2146 et
823 2081 1174 2164 hominem,
1222 2103 1347 2146 non
1396 2081 1523 2146 duo
1570 2090 1790 2148 tamen
1836 2090 2028 2149 erant
2073 2088 2142 2148 in
2189 2090 2396 2166 uter0,
2443 2089 2514 2148 ut
2559 2089 2761 2168 putat,
2809 2083 2924 2148 sed
2969 2086 3066 2147 ita

711 2187 774 2248 ei
820 2190 1268 2269 apparuerunt
1312 2191 1579 2271 propter
1638 2185 2086 2252 infirmitatem
2149 2190 2290 2252 eius
2335 2192 2400 2250 et
2445 2189 2598 2270 quia
2650 2205 2884 2270 capere
2931 2204 3067 2249 non

712 2289 917 2369 potuit
963 2285 1369 2351 celeritatem
1416 2307 1541 2371 qua
1572 2288 1866 2352 Verbum
1897 2308 2084 2352 usum
2115 2294 2214 2352 est
2243 2309 2388 2353 cum
2421 2288 2744 2352 habitavit
2776 2290 2846 2350 in
2877 2292 3066 2350 utero

712 2393 778 2451 et
822 2407 980 2452 caro
1026 2388 1269 2454 factum
1318 2395 1417 2454 est
1463 2396 1528 2453 et
1575 2393 1876 2474 agnitum
1935 2396 2035 2454 est
2079 2410 2278 2454 unum
2325 2396 2392 2454 et
2443 2389 2616 2456 idem
2662 2389 2954 2453 Verbum
2997 2394 3066 2452 et

712 2509 888 2572 car0,
938 2490 1110 2555 Deus
1147 2496 1214 2555 et
1242 2491 1457 2573 hom0‚
1492 2491 1942 2556 absconditum
1973 2499 2038 2558 et
2071 2492 2452 2574 revelatum,
2485 2492 2699 2558 forma
2745 2493 2864 2556 Dei
2894 2511 3059 2574 quae

712 2596 811 2654 est
856 2591 1071 2656 forma
1119 2597 1315 2658 servi.
1382 2593 1976 2659 Hallucinationem
2030 2594 2196 2658 vidit
2241 2614 2360 2677 pro
2413 2592 2734 2675 realitate,
2783 2599 2850 2658 et
2911 2612 3065 2676 que-

713 2693 1129 2760 madmodum
1172 2697 1398 2761 oculus
1444 2697 1912 2762 obscuritatem
1957 2700 2027 2761 in
2075 2697 2268 2780 globo
2314 2697 2488 2778 solis„
2539 2701 2632 2760 ita
2682 2701 2746 2762 et
2779 2715 2964 2760 mens
2993 2699 3067 2758 in

711 2796 991 2880 Virgine
1038 2798 1241 2862 Deum
1286 2801 1357 2862 in
1388 2799 1651 2864 homine
1683 2798 1912 2864 videre
1959 2799 2084 2865 sibi
2113 2796 2322 2864 finxit.
2371 2797 2496 2864 Sed
2527 2797 3066 2883 quemadmodum

700 2902 1029 2983 expansio
1076 2899 1189 2964 illa
1238 2920 1401 2983 quae
1463 2903 1842 2965 existimata
1887 2905 1986 2964 est
2030 2903 2102 2964 in
2143 2900 2334 2984 globo
2381 2901 2537 2966 solis
2581 2920 2744 2981 esse,
2790 2919 2924 2964 non
2977 2920 3066 2962 ex

712 3001 848 3069 sole
894 3005 1216 3086 provenit,
1267 3002 1379 3068 sed
1426 3023 1513 3067 ex
1558 3003 1896 3068 debilitate
1942 3004 2246 3086 videntis,
2293 3007 2388 3070 ita
2433 3011 2500 3068 et
2537 3003 2760 3070 oculus
2805 3005 3062 3084 mentiS,

713 3107 769 3167 si
816 3110 999 3188 putat
1042 3125 1111 3168 se
1158 3108 1227 3170 in
1288 3106 1568 3189 Virgine
1631 3106 1874 3170 vidisse
1935 3107 2266 3172 hominem
2328 3112 2702 3191 separatum
2756 3110 2870 3170 aut
2929 3105 3064 3170 Deo

714 3205 1203 3290 adhaerentem,
1245 3207 1420 3273 hunc
1458 3227 1708 3274 revera
1751 3208 1846 3272 ibi
1889 3229 2020 3273 non
2067 3209 2251 3291 vidit,
2301 3209 2416 3274 sed
2468 3210 2604 3293 ipse
2658 3207 2854 3273 homo
2899 3207 3064 3272 vidit

714 3313 979 3390 praeter
1001 3329 1151 3372 eum
1196 3313 1529 3374 notionem
1574 3314 1800 3375 carnis
1843 3314 1914 3375 in
1959 3314 2173 3394 specie
2221 3311 2526 3376 humana.

862 3411 1151 3476 Etenim
1198 3412 1392 3476 homo
1425 3431 1467 3476 a
1514 3413 1647 3476 Deo
1694 3412 2040 3478 distinctus
2081 3433 2214 3478 non
2261 3416 2529 3495 exstitit,
2571 3431 2656 3478 ne
2701 3431 2820 3496 per
2863 3415 3066 3476 ictum

714 3512 973 3596 quidem
1018 3510 1247 3595 *oculi,
1294 3517 1365 3577 111
1425 3514 1728 3598 Virgine,
1791 3519 2086 3598 quamvis
2147 3515 2340 3580 homo
2401 3520 2715 3598 appareat
2775 3516 3059 3588 erranti;

714 3614 829 3678 sed
872 3617 941 3678 in
988 3635 1067 3680 ea
1114 3621 1261 3680 erat
1320 3617 1495 3680 Deus
1552 3616 2024 3682 inhumanatus
2081 3621 2208 3700 qui,
2257 3621 2325 3680 in
2387 3636 2468 3682 ea
2513 3622 2578 3680 et
2639 3636 2726 3680 ex
2777 3635 2860 3680 ea
2905 3635 3062 3678 vere

715 3723 1081 3802 conceptus,
1128 3716 1342 3783 factus
1372 3724 1471 3784 est
1502 3719 1742 3802 absque
1777 3723 2136 3784 mutatione
2167 3719 2361 3784 homo
2393 3718 2739 3802 perfectus,
2771 3737 3062 3799 manenS,

714 3820 906 3882 sicuti
952 3826 1069 3902 est,
1118 3820 1289 3884 Deus
1326 3820 1671 3906 perfectus.
1722 3822 2000 3906 Ipsemet
2031 3824 2414 3905 agnoscitur
2443 3841 2585 3886 esse
2618 3821 2744 3886 hoc
2773 3826 2838 3884 et
2869 3820 3060 3884 illud:

715 3940 799 3983 ex
846 3925 1131 3986 essentia
1178 3922 1367 4004 Deus,
1416 3927 1480 3986 et
1513 3943 1598 3986 ex
1631 3923 2038 3988 humanitate
2085 3923 2312 3998 homo;
2363 3928 2428 3988 et
2459 3922 2750 3988 totaliter
2787 3925 2856 3986 111
2885 3927 3066 3986 utro-

714 4042 834 4105 que
883 4043 1048 4086 unus
1094 4031 1211 4106 est,
1259 4044 1393 4089 non
1423 4024 1551 4090 duo
1584 4029 1750 4090 sicut
1781 4025 2029 4090 iudicat
2073 4028 2130 4089 is
2177 4028 2286 4109 qui
2315 4029 2530 4110 inepte
2569 4023 2752 4090 vidit.
2786 4025 3064 4104 Etenim,

712 4124 823 4188 ille
872 4128 981 4208 qui
1026 4128 1278 4193 visione
1326 4147 1491 4210 quae
1538 4128 1744 4192 Deum
1789 4127 1976 4192 decet
2027 4127 2372 4211 Virginem
2434 4128 2863 4211 contemplari
2923 4128 3064 4208 scit,

715 4227 917 4290 Deum
938 4229 1011 4290 in
1034 4247 1113 4292 ea
1144 4231 1428 4305 invenit;
1478 4229 1589 4294 ille
1622 4249 1784 4294 vero
1816 4232 1924 4312 qui
1955 4229 2241 4294 humano
2279 4229 2470 4294 modo
2515 4233 2827 4311 intuetur,
2859 4229 3069 4293 homi-

713 4347 863 4392 nem
909 4331 979 4392 in
1026 4349 1105 4394 ea
1151 4330 1347 4394 videt.
1399 4331 1846 4415 Unusquisque
1893 4334 2118 4415 igitur,
2169 4335 2338 4397 sicut
2379 4335 2626 4398 intueri
2669 4332 2826 4415 vult,
2875 4335 2970 4396 ita
3001 4336 3066 4394 et

804 4549 821 4579 ¹
850 4551 1039 4614 Rom„
1064 4564 1123 4612 x,
1167 4553 1247 4606 17.

3127 1601 3189 1645 10
