3400 5642
1634 495 2083 582 «(104)»,-

684 637 837 702 dum
884 637 1257 724 adspectum
1302 638 1371 704 id
1416 638 1585 724 quod
1628 639 1844 704 factus
1887 644 1986 706 est
2029 646 2096 704 et
2127 639 2486 706 secundum
2517 639 2924 705 intellectum
2967 639 3038 704 id

684 739 853 824 quod
896 744 1013 805 est.
1062 739 1293 824 Pergit
1339 760 1501 806 vero
1548 740 1864 826 propheta
1909 739 2136 806 dicens
2172 741 2226 806 ¹:
2275 762 2312 804 ‹
2343 740 2521 806 Sicut
2567 742 3039 826 obstupuerunt

686 861 883 926 super
923 847 990 906 te
1036 842 1243 925 multi,
1298 845 1393 908 sic
1452 842 1849 927 despicietur
1899 862 1940 906 a
1993 845 2160 908 viris
2189 842 2532 928 adspectus
2568 850 2718 908 tuus
2747 865 2808 927 »,
2859 864 3042 908 eum-

686 945 956 1028 demque
1002 964 1263 1010 sensum
1294 965 1415 1030 per
1456 948 1585 1010 ista
1616 945 1928 1010 adstruit:
1979 945 2218 1012 multos
2253 965 2404 1012 eum
2447 949 2822 1029 miraturos,
2871 947 3044 1012 alios

688 1169 837 1215 eum
884 1149 1087 1215 Deum
1108 1150 1609 1215 inhumanatum
1638 1148 2064 1226 confitentum
2099 1171 2249 1216 eum
2277 1171 2440 1218 vero
2471 1151 2836 1236 despiciunt
2866 1155 3044 1216 eius-

688 1273 809 1337 que
858 1253 1138 1337 gloriam
1185 1252 1664 1339 parvipendunt
1710 1256 1820 1337 qui
1881 1273 2029 1318 eum
2091 1260 2397 1339 reputant
2457 1254 2788 1320 hominem
2847 1260 3044 1320 natu-

688 1357 913 1421 ralem.
942 1355 1220 1438 Etenim,
1252 1357 1421 1422 viris
1449 1355 1681 1420 similis
1711 1361 1810 1420 est
1841 1363 1911 1421 et
1937 1355 2288 1440 dissimilis,
2321 1361 2392 1422 ut
2421 1357 2617 1422 homo
2657 1361 3040 1441 quicumque

688 1464 959 1543 apparet
1010 1459 1165 1524 licet
1226 1459 1310 1522 ab
1370 1459 1669 1523 omnibus
1725 1458 2098 1524 hominibus
2157 1456 2436 1542 differat,
2499 1459 3042 1544 quemadmodum

690 1559 929 1626 dictum
976 1566 1106 1625 est:
1161 1581 1198 1624 <
1230 1561 1439 1627 Homo
1486 1565 1603 1643 est,
1652 1563 1796 1644 quis
1839 1567 2188 1644 cognoscet
2235 1561 2428 1626 eum?
2463 1583 2520 1626 ».

776 1661 962 1735 Quod
1006 1665 1064 1727 si
1094 1665 1237 1746 quis
1266 1683 1433 1746 eum,
1468 1668 1736 1748 propter
1765 1661 2138 1747 adspectum
2169 1666 2328 1742 eius,
2362 1664 2692 1729 hominem
2733 1670 3044 1750 reputare

688 1763 848 1846 vult,
896 1784 984 1829 ex
1028 1765 1333 1849 operibus
1378 1768 1519 1830 eius
1566 1770 1840 1849 cogetur
1885 1786 2034 1832 eum
2080 1764 2284 1830 Deum
2329 1783 2746 1850 cognoscere.
2791 1768 2872 1832 Et
2903 1770 3046 1852 qui-

689 1865 856 1948 dem,
904 1865 1055 1931 inde
1102 1866 1271 1950 quod
1316 1867 1649 1932 revelatus
1694 1873 1810 1952 est,
1859 1871 2192 1953 cogitatur
2235 1867 2432 1932 homo
2479 1887 2641 1950 esse,
2681 1868 2797 1933 sed
2827 1888 2915 1933 ex
2948 1869 3048 1933 al—

688 1974 832 2034 tero
878 1967 1169 2033 creditur
1212 1989 1410 2053 supra
1464 1969 1794 2035 hominem
1847 1991 2024 2047 esse3
2083 1975 2148 2035 et
2202 1989 2348 2036 cum
2403 1969 2554 2034 inde
2611 1969 2778 2055 quod
2831 1975 3046 2035 servis

690 2071 921 2136 similis
966 2075 1069 2153 sit,
1118 2091 1346 2136 eorum
1392 2092 1514 2156 par
1558 2076 1996 2156 existimatur,
2053 2093 2132 2138 eo
2187 2071 2356 2156 quod
2407 2078 2480 2136 ut
2530 2073 2842 2138 Dominus
2893 2092 3046 2138 cum

690 2177 1005 2257 potestate
1052 2172 1355 2257 loquatur
1400 2179 1467 2238 et
1510 2180 1822 2258 operetur
1865 2177 2248 2258 agnoscitur
2293 2175 2466 2239 Deus
2501 2177 2927 2258 omnipotens,
2963 2175 3050 2239 Et

690 2294 771 2339 ea
817 2295 981 2358 quae
1028 2275 1345 2360 propheta
1391 2275 1484 2340 ibi
1530 2280 1742 2361 posuit
1787 2277 2028 2342 similia
2083 2281 2250 2359 sunt,
2305 2274 2520 2361 quoad
2571 2294 2856 2358 sensum,
2909 2276 3048 2341 illis

692 2397 855 2461 quae
910 2397 951 2442 a
1004 2378 1296 2444 Iohanne
1350 2379 1763 2463 evangelista
1815 2380 1990 2446 dicta
2047 2385 2198 2444 sunt
2229 2380 2289 2444 2:
2361 2401 2398 2444 <
2441 2381 2608 2445 Visa
2661 2387 2760 2444 est
2825 2381 3047 2464 gloria

691 2484 833 2544 eius
863 2503 923 2563 »‚
972 2485 1171 2546 etiam
1218 2488 1553 2566 postquam
1598 2503 1756 2548 caro
1801 2483 2014 2548 factus
2059 2487 2176 2564 est,
2229 2503 2266 2546 <
2299 2486 2485 2567 quasi
2539 2483 2752 2567 gloria
2806 2486 3046 2567 unige-

690 2586 813 2648 niti
856 2603 897 2648 a
941 2583 1159 2667 Patre,
1209 2584 1384 2669 pleni
1416 2589 1673 2669 gratiae
1706 2591 1772 2650 et
1800 2589 2104 2650 veritatis
2136 2606 2208 2662 »;
2259 2589 2444 2669 quasi
2481 2585 2761 2650 diceret:
2797 2584 3046 2658 Quam-

692 2688 794 2750 vis
824 2689 1206 2751 incarnatus
1252 2689 1336 2751 sit
1382 2693 1448 2751 et
1494 2687 1979 2771 inhumanatus,
2029 2688 2196 2773 quod
2243 2691 2623 2772 unigenitus
2669 2693 2766 2752 est
2805 2693 2872 2752 et
2917 2689 3052 2752 Do-

692 2792 907 2853 minus
964 2808 1097 2854 non
1152 2790 1601 2856 absconditum
1662 2796 1792 2868 est;
1851 2791 1966 2856 sed
2011 2790 2546 2876 quemadmodum
2593 2811 2678 2855 ex
2733 2791 3046 2874 adspectu

694 2893 959 2975 agnitus
1001 2897 1100 2956 est
1144 2891 1213 2956 id
1258 2893 1427 2976 quod
1470 2893 1683 2958 factus
1729 2902 1846 2977 est,
1893 2897 1988 2958 ita
2027 2899 2093 2957 et
2125 2913 2210 2958 ex
2243 2893 2547 2978 operibus
2577 2893 2911 2957 revelatus
2943 2897 3048 2957 est

693 2994 760 3058 id
807 2993 974 3077 quod
1028 2999 1142 3058 est.
1202 2995 1461 3060 Etenim
1516 2999 1737 3060 omnia
1788 2995 2130 3078 miracula,
2183 3015 2348 3079 quae
2401 2998 2542 3060 sive
2597 3016 2636 3062 a
2691 2995 2838 3061 Iesu
2899 2997 3048 3078 ipso

694 3101 833 3161 sive
880 3103 1145 3182 propter
1190 3118 1337 3162 eum
1392 3104 1653 3183 patrata
1708 3106 1876 3182 sunt,
1931 3119 2064 3169 non
2117 3098 2292 3165 facta
2339 3104 2489 3164 sunt
2543 3098 2625 3162 ad
2679 3095 3049 3163 docendum

694 3220 842 3264 eum
874 3220 1017 3264 esse
1048 3200 1379 3266 hominem
1408 3201 1800 3285 naturalem,
1829 3201 1942 3266 sed
1967 3201 2052 3266 ad
2079 3200 2472 3266 firmandum
2499 3221 2648 3265 eum
2671 3220 2814 3265 esse
2841 3200 3052 3263 Deum

694 3303 1045 3368 secundum
1092 3305 1523 3368 substantiam
1569 3307 1832 3369 etiamsi
1874 3304 2341 3368 inhumanatus
2385 3309 2502 3368 est.
2552 3303 2812 3366 Nullum
2865 3304 3050 3367 enim

694 3404 1081 3469 miraculum
1127 3409 1487 3489 requiritur
1537 3410 1609 3469 ut
1639 3406 1834 3470 homo
1867 3405 2176 3470 credatur
2206 3404 2400 3469 homo
2432 3424 2593 3486 esse,
2637 3407 2788 3487 quia
2819 3402 3056 3487 adspe-

692 3512 835 3572 ctus
880 3514 947 3572 et
994 3508 1125 3573 alia
1172 3528 1335 3592 quae
1383 3508 1579 3574 homo
1624 3508 1825 3573 habet
1879 3527 2026 3572 eum
2089 3505 2509 3572 manifestant
2563 3526 2704 3571 esse
2758 3505 2826 3570 id
2879 3505 3054 3589 quod

694 3614 810 3673 est.
862 3609 1183 3674 Miracula
1229 3630 1391 3676 vero
1435 3613 1815 3675 necessaria
1861 3615 2011 3674 sunt
2063 3607 2179 3672 uhi
2232 3608 2312 3673 de
2367 3607 2632 3673 Christo
2685 3611 2927 3691 agitur,
2973 3612 3052 3670 ut

694 3711 1115 3776 manifestent
1160 3711 1227 3776 id
1273 3712 1442 3796 quod
1503 3717 1647 3777 erat
1709 3714 1910 3776 etiam
1956 3715 2292 3796 postquam
2338 3710 2550 3775 factus
2595 3715 2711 3774 est.
2763 3711 3048 3790 Etenim,

695 3819 891 3878 antea
938 3813 1355 3880 absconditus
1400 3821 1545 3880 erat
1575 3821 1647 3879 ut
1678 3815 1868 3897 Deus,
1903 3812 2237 3880 revelatus
2277 3818 2375 3877 est
2419 3818 2638 3877 autem
2671 3815 2818 3896 quia
2850 3812 3057 3876 homo

694 3914 905 3980 factus
952 3922 1081 3991 est;
1132 3921 1196 3980 et
1242 3935 1523 3998 rursum,
1550 3917 1662 3981 ubi
1709 3916 2042 3980 revelatus
2087 3921 2204 3996 est,
2253 3913 2670 3978 absconditus
2716 3919 2861 3978 erat
2893 3916 3049 3996 quia

696 4017 909 4100 hom0,
957 4037 1091 4082 non
1136 4018 1325 4100 DeuS,
1375 4039 1414 4083 a
1460 4018 1833 4083 videntibus
1879 4017 2323 4103 reputabatur.
2372 4016 2576 4080 Facta
2622 4022 2772 4080 sunt
2808 4016 3054 4099 ubique

628 4163 642 4178 .
696 4119 1014 4184 miracula
1076 4123 1145 4183 in
1196 4118 1764 4203 *annunciatione‚
1819 4124 1884 4184 et
1939 4120 2380 4202 conceptione,
2437 4124 2504 4183 et
2554 4120 2920 4200 nativitate,
2984 4122 3056 4180 et

698 4219 1083 4285 educatione
1128 4224 1300 4296 eius;
1350 4221 1525 4287 facta
1574 4226 1723 4285 sunt
1769 4223 1966 4284 etiam
2017 4219 2099 4284 ab
2145 4239 2244 4301 e0‚
2293 4225 2630 4303 postquam
2677 4217 2759 4282 ad
2791 4237 3056 4282 mensu-

698 4341 840 4386 ram
887 4325 1019 4387 viri
1064 4322 1337 4408 perfecti
1381 4326 1582 4407 venit,
1632 4328 1704 4386 ut
1747 4343 1867 4407 per
1912 4341 1991 4387 ea
2038 4321 2420 4387 crederetur
2449 4341 2592 4386 esse
2623 4321 2794 4384 Deus
2831 4323 3056 4384 incor-

788 4544 807 4577 ¹
848 4545 935 4609 Is.‚
972 4559 1073 4609 Lu,
1114 4547 1197 4600 14.
1234 4575 1305 4584 -
1340 4545 1362 4576 ¹
1401 4545 1659 4607 ΙοΗΑΝΝ..
1696 4559 1736 4607 1,
1776 4545 1861 4599 14.

618 1089 631 1104 .
686 1067 847 1112 vero
878 1067 1027 1112 eum
1058 1046 1475 1132 despecturos
1496 1053 1764 1133 propter
1791 1047 2164 1134 adspectum
2195 1051 2354 1112 eius.
2387 1048 2862 1134 obstupescunt
2891 1049 3042 1134 *qui
3096 1068 3130 1112 5

3099 1581 3158 1626 10

3103 2093 3160 2138 15

3103 2607 3162 2652 m

3107 3625 3168 3670 ³0
