3400 5642
185 1597 237 1641 lo

192 2112 242 2156 15

1242 520 1357 607 ἡκ(
1410 519 1531 583 151
1588 521 1703 606 >x-

386 665 613 748 Itaque
660 663 1013 728 secundum
1058 683 1258 728 unam
1319 664 1814 729 similitudinem
1880 669 2136 728 tantum
2182 665 2308 728 hoc
2354 665 2654 748 exemplo

289 770 403 830 usi
451 785 691 847 3311133,
740 765 823 830 ad
870 765 1336 830 ostendendum
1384 765 1626 850 aliquid
1672 765 1844 849 quod
1889 773 2142 832 constat
2195 766 2444 830 duobus
2491 786 2654 850 quae

290 870 385 933 ab
432 872 717 933 invicem
761 871 1059 952 separari
1106 886 1229 932 non
1277 874 1557 952 possunt,
1600 871 1765 932 sicut
1811 889 1881 932 se
1921 867 2121 932 habet
2155 887 2311 933 caro
2343 869 2654 951 humana,

290 989 469 1054 quae
517 969 841 1034 formatur
884 974 949 1033 et
996 967 1065 1032 fit
1113 989 1199 1033 ex
1244 973 1489 1034 semine
1537 976 1601 1034 et
1648 973 1985 1053 sanguine.
2037 970 2217 1034 Haec
2265 973 2456 1052 enim,
2485 977 2659 1054 post-

294 1092 498 1156 quam
567 1092 767 1135 unum
812 1070 992 1155 fiunt,
1041 1075 1173 1161 iam
1219 1074 1287 1136 in
1334 1073 1459 1136 hoc
1518 1071 1820 1136 distincte
1866 1092 1994 1136 non
2057 1072 2654 1155 apprehenduntur,

292 1175 419 1238 sed
464 1193 665 1238 unum
702 1192 937 1258 corpus
982 1174 1381 1240 solummodo
1413 1193 1499 1238 ex
1530 1173 1780 1238 duobus
1827 1178 2229 1258 agnoscitur,
2257 1178 2422 1239 sicut
2455 1177 2654 1239 etiam

294 1295 389 1340 ex
438 1275 779 1340 divinitate
812 1282 877 1339 et
906 1277 1313 1340 humanitate
1346 1294 1476 1340 una
1510 1295 1790 1360 persona
1837 1297 2090 1360 unaque
2140 1283 2376 1341 natura
2408 1276 2661 1341 Christi

294 1382 718 1462 agnoscitur3
768 1381 834 1440 in
882 1399 959 1442 eo
1006 1381 1180 1442 enim
1228 1377 1635 1442 divinitatem
1680 1385 1874 1442 extra
1919 1379 2394 1444 humanitatem
2425 1377 2654 1442 videre

294 1500 438 1544 non
484 1481 655 1563 licet,
702 1501 825 1545 nec
870 1481 1343 1544 humanitatem
1398 1484 1537 1544 31116
1601 1481 1964 1563 divinitate,
2017 1480 2131 1545 sed
2190 1485 2444 1545 tantum
2507 1501 2654 1545 eum

296 1603 450 1646 esse
474 1582 768 1646 totaliter
795 1587 1135 1665 utramque
1182 1588 1245 1646 et
1277 1582 1448 1666 apud
1477 1588 1838 1666 utramque,
1880 1582 2034 1647 licet
2083 1580 2451 1647 differentia
2491 1602 2654 1667 quae

294 1685 702 1749 naturaliter
746 1688 1090 1768 unicuique
1123 1704 1350 1749 earum
1383 1689 1706 1769 competit,
1742 1686 1980 1770 absque
2027 1685 2408 1750 confusione
2459 1689 2658 1750 etiam

295 1791 370 1850 in
422 1790 663 1852 unione
697 1792 1029 1863 servetur;
1080 1790 1229 1870 quia
1261 1788 1553 1852 Verbum
1584 1807 1717 1852 non
1751 1793 2066 1852 mutatum
2098 1794 2196 1852 est
2235 1787 2343 1851 *in
2390 1807 2658 1852 carnem
2719 1812 2770 1866 p.
2799 1795 2922 1850 203.

298 1909 455 1953 cum
502 1888 747 1953 factum
793 1895 891 1952 est
936 1909 1111 1972 carc,
1161 1909 1282 1954 nec
1314 1909 1471 1954 caro
1501 1909 1822 1954 conversa
1855 1895 1952 1954 est
1998 1894 2068 1954 in
2097 1895 2404 1954 naturam
2452 1890 2661 1954 Verbi

298 2011 454 2056 cum
503 2010 621 2075 per
664 1994 969 2056 unionem
1016 1994 1217 2075 ipsius
1262 1991 1438 2056 facta
1470 1997 1584 2056 est.
1636 1991 2020 2076 Exemplum
2053 1992 2322 2056 allatum
2371 2011 2505 2056 non
2544 1992 2664 2055 ha-

299 2093 591 2158 bendum
638 2100 736 2157 est
780 2099 1170 2157 extraneum
1217 2101 1329 2158 aut
1359 2094 1512 2158 huic
1543 2096 1860 2178 mysterio
1891 2097 2326 2178 incongruum
2373 2113 2450 2157 eo
2492 2093 2659 2177 quod

300 2215 534 2260 semen
603 2215 689 2259 ex
756 2199 903 2260 viro
972 2199 1316 2280 proveniat
1382 2203 1446 2260 et
1508 2200 1777 2280 sanguis
1847 2217 1932 2260 ex
2001 2196 2274 2260 muliere
2344 2201 2658 2260 sumatur.

300 2299 392 2362 At
440 2301 501 2362 si
544 2288 614 2362 in
660 2304 867 2380 uter0,
916 2299 1027 2363 ubi
1072 2299 1239 2364 haec
1284 2298 1654 2364 formantur
1700 2305 1765 2362 et
1811 2319 1968 2363 caro
2015 2297 2194 2382 fiunt,
2244 2299 2536 2363 Verbum
2592 2319 2660 2362 se

301 2401 571 2464 demisit
600 2406 672 2464 ut
703 2401 1033 2465 habitaret
1064 2407 1127 2465 et
1175 2405 1243 2465 in
1275 2421 1353 2466 eo
1386 2407 1449 2465 et
1481 2421 1566 2466 ex
1614 2421 1691 2466 eo
1724 2400 1912 2466 fieret
1958 2421 2113 2466 caro
2161 2402 2662 2484 1131113113,φο-

305 2502 505 2567 modo
551 2503 716 2568 haec
762 2503 1103 2586 elementa,
1154 2525 1317 2588 quae
1364 2507 1434 2567 in
1465 2511 1653 2568 utero
1690 2503 2079 2585 formantur,
2115 2523 2256 2568 esse
2288 2503 2657 2587 exemplum

302 2614 413 2668 τοῦ
468 2626 503 2668 «
536 2604 683 2671 fieri
716 2628 751 2670 »
788 2609 929 2670 eius
960 2607 1193 2690 aliquis
1224 2612 1483 2690 putaret
1528 2606 1921 2690 negandum,
1973 2627 2050 2670 eo
2099 2606 2267 2689 quod
2305 2609 2663 2671 necessitas

307 2707 558 2792 agendi
588 2728 737 2772 eum
780 2727 914 2773 non
961 2708 1233 2772 adduxit
1278 2714 1349 2772 ut
1394 2729 1551 2774 caro
1596 2707 1803 2790 fieret,
1853 2710 2018 2774 sicut
2051 2707 2310 2772 adducit
2341 2726 2562 2772 semen
2598 2715 2662 2773 et

306 2814 701 2895 sanguinem
733 2816 803 2874 ut
835 2814 1233 2876 misceantur
1263 2816 1328 2876 et
1360 2832 1595 2896 corpus
1626 2811 1804 2893 fiant,
1856 2811 1968 2875 sed
2005 2816 2136 2894 ipse
2169 2811 2538 2878 voluntarie
2587 2832 2656 2876 se

308 2914 652 2978 demiserit
684 2919 753 2978 ut
786 2913 973 2979 fieret
996 2913 1062 2978 id
1101 2914 1269 2998 quod
1300 2935 1385 2978 ex
1416 2917 1558 2979 istis
1588 2913 1834 2978 factum
1865 2919 1981 2997 est,
2023 2919 2281 2998 graeter
2311 2933 2503 2998 quam
2529 2933 2662 2978 non

306 3035 397 3080 ex
445 3019 693 3080 semine
740 3019 874 3080 viri
916 3015 1128 3080 factus
1189 3021 1286 3081 est
1347 3017 1461 3081 sed
1506 3037 1593 3080 ex
1640 3023 1848 3081 matre
1909 3023 2181 3099 tantum,
2246 3019 2412 3081 sicut
2459 3019 2658 3080 etiam

304 3117 604 3182 Adamus
650 3137 734 3182 ex
781 3123 981 3200 terra,
1032 3125 1097 3182 et
1141 3118 1283 3182 Eva
1330 3139 1415 3182 ex
1461 3119 1669 3182 latere
1717 3118 1935 3182 illius?
1984 3118 2150 3182 Nam
2197 3139 2294 3200 ea,
2352 3137 2515 3201 quae
2569 3119 2664 3182 ibi

307 3221 589 3304 mystice
636 3219 811 3284 facta
856 3226 1023 3303 sunt,
1073 3221 1181 3284 hic
1228 3224 1366 3304 ipsa
1430 3240 1503 3284 re
1566 3220 1894 3304 explicata
1956 3226 2122 3284 sunt.
2188 3219 2424 3284 Factus
2485 3223 2662 3284 enim

308 3327 410 3386 est
474 3321 763 3386 Adamus
810 3343 895 3386 ex
955 3328 1138 3387 terra
1185 3327 1327 3387 sine
1390 3343 1508 3407 ope
1556 3325 1720 3399 viri;
1785 3326 1940 3387 item
1995 3328 2060 3388 et
2105 3323 2246 3386 Eva
2309 3342 2394 3386 ex
2453 3323 2660 3387 latere

310 3427 457 3488 eius
504 3427 645 3488 sine
692 3445 810 3509 ope
858 3425 1170 3508 1113116113,
1220 3429 1385 3490 31631
1413 3425 1716 3490 Christus
1760 3431 1952 3490 natus
1999 3431 2096 3489 est
2142 3445 2228 3489 ex
2273 3425 2472 3488 Patre
2521 3428 2662 3490 sine

306 3532 545 3608 matre,
594 3532 660 3590 et
706 3530 903 3592 etiam
934 3526 1147 3592 factus
1194 3533 1291 3591 est
1338 3547 1423 3591 ex
1469 3534 1681 3592 matre
1731 3531 1872 3592 sine
1919 3533 2123 3612 patre.

401 3628 570 3692 Illud
595 3629 963 3713 exemplum
988 3629 1401 3694 adhibuimus
1424 3650 1556 3694 non
1588 3630 1796 3695 solum
1838 3630 1920 3694 ad
1952 3630 2528 3696 demonstrandum
2555 3653 2662 3698 ar-

312 3737 695 3816 gumentum
741 3731 908 3816 quod
954 3732 1251 3816 discipuli
1296 3733 1583 3797 Nestorii
1628 3735 1952 3816 reiiciunt,
2003 3734 2116 3798 sed
2163 3738 2362 3798 etiam
2396 3735 2480 3799 ad
2511 3756 2665 3801 con-

307 3833 702 3899 firmandam
742 3837 1244 3919 assumptionem
1276 3834 1457 3898 illam
1490 3855 1681 3918 quam
1713 3835 2112 3920 Eutychiani
2141 3844 2405 3920 negant.
2442 3837 2664 3904 Solent

310 3939 490 4001 enim
538 3935 776 4018 dicere,
839 3940 1205 4001 nescientes
1252 3937 1509 4020 quidem
1571 3937 1723 4020 quid
1771 3937 2007 4019 dicant,
2057 3941 2222 4003 sicut
2283 3961 2408 4024 ego
2469 3960 2662 4026 saepe

310 4038 397 4102 ab
438 4041 535 4102 eis
564 4038 819 4102 audivi:
853 4039 1407 4111 Quemadmodum
1438 4057 1660 4102 semen
1691 4042 1823 4102 viri
1853 4040 2020 4103 nihil
2047 4041 2124 4105 de
2157 4041 2432 4106 muliere
2467 4048 2662 4108 sumit

311 4140 429 4205 sed
476 4144 685 4224 ipsum
732 4142 937 4206 solum
970 4141 1331 4225 plasmatur
1375 4148 1439 4206 et
1484 4140 1555 4205 fit
1602 4161 1778 4224 6310,
1811 4145 1904 4206 ita
1952 4148 2016 4207 et
2047 4144 2340 4208 Verbum
2385 4146 2551 4209 nihil
2585 4147 2665 4211 de

310 4244 595 4326 Virgine
643 4248 931 4329 sumpsit,
980 4244 1093 4309 sed
1140 4247 1369 4328 ipsum,
1418 4247 1585 4308 sicut
1631 4245 1858 4326 voluit,
1907 4248 1976 4308 in
2025 4265 2104 4310 ea
2150 4245 2502 4312 formatum
2566 4255 2664 4313 est

312 4351 377 4410 et
426 4345 668 4410 factum
716 4352 813 4410 est
858 4366 1032 4412 caro.
1083 4346 1415 4411 Adhibent
1458 4355 1529 4410 ut
1576 4353 2033 4430 argumentum
2082 4349 2248 4432 quod
2295 4367 2426 4414 non
2474 4351 2666 4415 intel·

309 4447 559 4532 legunt,
606 4447 784 4512 *rem
831 4469 1022 4532 quam
1052 4467 1187 4514 non
1219 4455 1636 4532 cognoscunt,
1672 4454 1736 4513 et
1769 4449 2024 4532 quando
2057 4450 2314 4534 quidem
2347 4451 2511 4536 quod
2543 4474 2668 4518 na·
2719 4472 2775 4527 p·
2805 4459 2930 4513 204.

309 4550 526 4614 turale
574 4555 672 4614 est
719 4550 1103 4634 intellegere
1151 4570 1284 4615 non
1323 4557 1691 4635 potuerunt,
1742 4552 1922 4614 litem
1970 4558 2229 4616 movent
2272 4553 2350 4618 de
2385 4574 2462 4618 eo
2495 4555 2662 4638 quod
