3400 5642
1642 555 1762 642 «1
1813 555 1944 621 166
1991 557 2108 644 »e-

702 699 1073 764 ‹lamentum
1120 699 1299 766 aliud
1340 719 1537 764 nemo
1582 703 1792 783 potest
1837 717 2102 782 ponere,
2149 705 2418 782 praeter
2461 698 2528 763 id
2559 699 2728 784 qnod
2775 703 3050 784 positum

704 807 823 872 est.
848 799 1015 885 quod
1038 807 1139 866 est
1159 799 1461 865 Christus
1484 799 1667 864 Iesus
1688 821 1748 862 ».
1777 799 2056 882 Etenim,
2081 802 2232 884 quia
2255 803 2508 866 creatio
2533 804 2728 885 primi
2753 802 3051 876 hominis,

704 921 870 988 quae
928 905 1353 968 exsistentiae
1412 907 1681 966 nostrae
1739 901 2232 966 fundamentum
2279 907 2446 974 erat,
2493 923 2614 987 per
2663 909 2942 968 mortem
2989 911 3054 970 et

706 1007 1039 1090 passiones
1080 1009 1147 1070 et
1192 1006 1673 1088 corruptionem
1719 1003 2032 1068 dissoluta
2071 1023 2220 1068 cum
2265 1010 2402 1068 toto
2445 1003 2746 1070 aedificio
2791 1006 2920 1070 sibi
2949 1027 3054 1071 su-

704 1107 1122 1190 perimposito
1166 1111 1529 1180 corruerat,
1594 1106 1766 1170 Deus
1809 1107 2220 1188 omnipotens
2277 1105 2486 1170 voluit
2529 1109 2600 1169 in
2661 1126 2888 1172 amore
2937 1129 3052 1173 suo
3131 1123 3156 1166 5

704 1207 1117 1291 semetipsum
1162 1207 1527 1280 exinanire,
1574 1211 1641 1271 et
1688 1205 1820 1280 ille,
1869 1209 1980 1289 qui
2023 1206 2150 1270 sibi
2195 1212 2264 1270 et
2308 1213 2576 1291 propter
2619 1227 2690 1272 se
2723 1208 2894 1274 Deus
2939 1214 3055 1284 est,

706 1329 825 1394 pro
868 1309 1059 1374 nobis
1100 1315 1167 1373 et
1212 1311 1379 1374 sicut
1422 1327 1545 1374 nos
1589 1309 1786 1374 homo
1829 1307 2043 1374 factus
2087 1314 2205 1373 est.
2267 1307 2436 1382 Quia
2481 1309 2694 1375 factus
2739 1315 2838 1375 est
2885 1313 3054 1395 quod

704 1431 945 1484 sumus,
992 1409 1327 1476 filiationis
1370 1429 1530 1476 suae
1560 1417 1878 1495 cognatos
1919 1429 2044 1476 nos
2087 1413 2332 1495 posuit;
2381 1411 2594 1476 factus
2637 1418 2738 1476 est
2784 1432 2946 1478 caro
2991 1420 3056 1478 et

704 1533 825 1578 nos
869 1515 1201 1597 reputavit
1244 1511 1489 1578 fratres
1530 1533 1716 1589 suos;
1767 1519 2038 1577 vocatus
2089 1517 2190 1578 est
2233 1519 2428 1597 capnt
2471 1519 2770 1578 nostrum
2823 1521 2891 1580 et
2939 1535 3058 1580 nos

706 1615 999 1680 membra
1044 1633 1163 1680 sua
1210 1613 1399 1690 fecit;
1446 1615 1659 1680 factus
1704 1621 1804 1679 est
1847 1617 1918 1677 in
1963 1615 2154 1680 nobis
2197 1617 2372 1697 vitis,
2417 1623 2486 1680 et
2529 1635 2652 1680 nos
2693 1619 2764 1680 in
2811 1637 2893 1682 eo
2923 1617 3057 1702 pal·
3109 1636 3158 1681 ιο

706 1720 929 1793 mltes;
978 1719 1365 1782 constitutus
1408 1725 1509 1782 est
1538 1720 1868 1801 primitiae
1897 1722 2184 1800 nostrae,
2219 1723 2284 1782 et
2329 1737 2452 1784 nos
2479 1739 2706 1784 omnes
2749 1719 2912 1785 facti
2955 1742 3059 1786 su-

706 1839 851 1883 mus
893 1818 1145 1884 fructus
1188 1821 1331 1883 eius
1376 1839 1459 1883 ne
1506 1817 1874 1884 aedificium
1928 1826 2224 1884 nostrum
2281 1822 2451 1884 sicut
2495 1824 2708 1904 prima
2753 1825 2900 1887 vice
2949 1823 3061 1888 de-

707 1928 1093 2004 strueretur,
1162 1928 1712 2006 corrumperetur,
1775 1920 2206 2005 dissiparetur
2265 1927 2332 1986 et
2375 1921 2883 2007 disperderetur,
2947 1927 3060 1991 sed

707 2022 907 2089 fixum
956 2022 1337 2108 firmumque
1398 2029 1571 2088 esset
1623 2043 1744 2109 per
1801 2025 2112 2088 virtutem
2173 2023 2352 2088 illius
2409 2028 2518 2090 cui
2577 2029 3060 2112 superimpositi

708 2145 946 2190 sumus.
998 2124 1139 2210 Ipse
1185 2131 1285 2190 est
1330 2127 1504 2190 enim
1552 2124 1720 2210 lapis
1779 2124 2122 2208 angularis
2165 2123 2576 2190 fundamenti
2629 2147 2824 2211 super
2871 2148 3060 2212 quem
3113 2144 3158 2186 15

708 2231 1087 2292 universum
1112 2225 1481 2292 aedificium
1512 2229 1922 2312 componitur
1950 2233 2018 2292 et
2045 2227 2400 2311 colligatur
2427 2233 2494 2292 et
2517 2248 2716 2312 usque
2741 2229 2826 2294 ad
2859 2231 3062 2295 Deum

710 2331 965 2394 crescit.

796 2433 1089 2497 Primum
1134 2435 1311 2498 enim
1358 2435 1615 2496 initium
1661 2437 1728 2496 et
1787 2431 2278 2497 fundamentum
2317 2435 2744 2498 exsistentiae
2792 2441 3060 2502 nostrae

708 2539 809 2600 est
854 2533 1161 2618 Adamus,
1210 2537 1457 2620 primus
1500 2534 1716 2616 homo,
1749 2553 1946 2618 super
1975 2553 2164 2618 quem
2197 2553 2424 2598 omnes
2455 2536 2922 2617 generationes
2945 2537 3066 2602 ho—

710 2639 976 2719 minum,
1024 2639 1211 2721 quasi
1252 2637 1499 2718 (10111113,
1548 2635 1934 2702 aedificatae
1979 2643 2150 2718 sunt,
2199 2637 2606 2721 possidentes
2635 2643 2946 2703 naturam
2993 2645 3060 2703 et
3111 2656 3162 2700 20

710 2741 1111 2806 debilitatem
1144 2746 1211 2804 et
1238 2738 1726 2820 mortalitatem,
1759 2757 1924 2822 quae
1947 2741 2012 2803 ei
2035 2738 2431 2804 acciderant.
2459 2739 2705 2803 Earum
2735 2742 3066 2806 exsisten-

710 2847 803 2908 tia
836 2845 1259 2907 exsistentiae
1288 2844 1433 2906 eius
1467 2839 1701 2905 similis
1745 2847 1864 2924 est,
1912 2861 2045 2906 non
2091 2843 2161 2906 in
2207 2844 2306 2906 eis
2352 2861 2516 2925 quae
2564 2842 2796 2905 habuit
2839 2863 2988 2907 cum
3024 2864 3061 2908 a

712 2948 845 3012 Deo
890 2951 1251 3027 crearetur,
1300 2943 1408 3008 sed
1458 2947 1529 3007 in
1574 2947 1672 3008 eis
1731 2963 1898 3028 quae
1944 2945 2010 3007 ei
2055 2949 2198 3029 post
2259 2949 2598 3028 peccatum
2635 2929 3058 3010 'acciderunt

710 3050 989 3114 Necesse
1036 3051 1211 3112 enim
1256 3052 1402 3112 erat
1446 3066 1669 3112 ramos
1714 3053 1780 3112 et
1823 3046 2076 3111 fructus
2107 3065 2250 3110 esse
2287 3048 2456 3110 sicut
2501 3045 2777 3130 radices,
2827 3053 2896 3112 et
2927 3048 3065 3132 pal-

712 3154 903 3217 mites
946 3153 1113 3215 sicut
1156 3152 1359 3214 vitem
1404 3168 1492 3214 ex
1538 3168 1663 3232 qua
1711 3151 1842 3213 orti
1885 3153 2052 3213 sunt.
2107 3149 2186 3212 Et
2231 3151 2382 3232 quia
2429 3148 2642 3214 debile
2689 3155 2836 3216 erat
2883 3153 3062 3235 prin-
3109 3169 3159 3213 25

712 3256 951 3338 cipium
974 3253 1142 3337 quod
1172 3252 1561 3334 habuerunt,
1594 3271 1706 3316 res
1735 3249 2102 3335 postulabat
2125 3255 2196 3314 ut
2227 3253 2426 3314 etiam
2457 3255 2664 3314 totum
2689 3250 3058 3316 aedificium

714 3358 963 3442 pariter
1008 3352 1457 3418 infirmaretur
1484 3359 1551 3418 et
1580 3353 2070 3434 dissolveretur,
2109 3349 2318 3416 *sicut
2345 3359 2577 3417 sancta
2606 3351 2946 3437 Scriptura
2987 3353 3064 3418 de

714 3459 1141 3542 generatione
1188 3461 1341 3520 ante
1373 3454 1687 3519 diluvium
1735 3454 1914 3519 clare
1945 3453 2183 3536 docuit,
2217 3453 2442 3519 dicens
2475 3455 2524 3518 ¹:
2580 3475 2617 3517 «
2647 3453 2876 3519 Omnis
2907 3475 3063 3520 caro

714 3563 1099 3644 corruperat
1144 3561 1322 3623 viam
1367 3577 1553 3621 suam
1598 3576 1797 3641 super
1839 3561 2088 3621 terram
2122 3577 2181 3621 ».
2231 3557 2314 3620 Et
2346 3555 2608 3621 Artifex
2639 3555 2884 3640 mundi,
2917 3577 3062 3622 cum

712 3661 969 3726 videret
1014 3657 1400 3742 aedificium,
1451 3679 1574 3742 quo
1621 3657 1818 3724 altius
1863 3657 2310 3740 adscenderet,
2359 3677 2438 3722 eo
2477 3657 2754 3722 debilius
2799 3664 3065 3744 propter
3112 3676 3160 3721 111

714 3783 914 3849 opera
960 3765 1211 3848 peccati
1254 3760 1419 3843 fieri,
1467 3761 1629 3826 illud
1674 3780 1795 3845 per
1839 3759 2156 3825 diluvium
2203 3760 2424 3843 diruit,
2458 3761 2590 3826 alio
2635 3760 3060 3827 fundamento

714 3864 883 3950 quod
928 3865 1135 3949 priori
1178 3863 1609 3928 excellentius
1654 3868 1802 3928 erat
1847 3865 2076 3947 posito,
2123 3861 2191 3926 id
2237 3867 2356 3945 est,
2405 3862 2560 3945 Noe,
2623 3865 2822 3927 tertio
2876 3865 3064 3944 iusto,

714 3967 859 4033 loco
906 3965 1140 4031 Adami
1186 3967 1381 4050 primi
1427 3968 1807 4049 peccatoris.
1857 3964 2180 4048 Scriptum
2227 3969 2325 4028 est
2371 3967 2548 4028 enim
2609 3964 2778 4029 Abel
2823 3970 2890 4028 et
2935 3966 3062 4030 He-

714 4070 887 4136 noch
932 4075 999 4134 et
1044 4069 1179 4134 Noe
1226 4071 1431 4133 iustos
1474 4067 1677 4132 fuisse
1725 4072 1876 4132 ante
1923 4067 2274 4142 diluvium3
2325 4072 2391 4131 et
2436 4066 2602 4130 Abel
2649 4069 2901 4132 occisus
2947 4075 3063 4152 est,

716 4179 783 4240 et
830 4171 1099 4238 Henoch
1145 4171 1503 4237 translatus
1548 4177 1665 4254 est,
1715 4176 1782 4235 et
1827 4170 1964 4236 Noe
2003 4176 2306 4235 servatus
2351 4175 2468 4252 est,
2517 4175 2582 4234 et
2627 4189 2758 4234 una
2805 4191 2952 4238 cum
2983 4197 3058 4241 eo
3110 4194 3158 4238 85

718 4282 785 4342 et
828 4279 1095 4360 propter
1138 4292 1289 4338 eum
1328 4292 1499 4337 uxor
1544 4278 1610 4336 et
1652 4271 1775 4336 filii
1819 4291 2148 4356 nurusque
2194 4274 2354 4336 eius.
2401 4270 2527 4336 Sed
2557 4275 2708 4355 quia
2739 4273 2850 4338 ille
2881 4275 3062 4361 lapiS,

718 4378 785 4444 id
832 4383 949 4460 est,
997 4377 1133 4442 Noe
1180 4379 1405 4459 iustus,
1470 4377 1668 4440 etiam
1733 4395 1820 4438 ex
1873 4377 2083 4458 primo
2145 4379 2362 4440 monte
2420 4375 2744 4440 abscissus
2806 4385 2971 4463 erat,
3017 4384 3063 4445 ii

812 4607 825 4637 ⁸
862 4610 987 4664 Gen
1010 4650 1025 4675 ,
1064 4621 1143 4670 v1.
1186 4609 1267 4664 12.
