3400 5642
391 635 448 694 p.
486 622 605 676 178.

392 3079 448 3135 p.
484 3065 605 3120 179.

1612 466 2068 554 «(134)»-

667 611 901 676 deinde
946 608 1246 676 *1331313
1296 610 1483 676 Ν333
1526 631 1709 693 vern,
1773 613 1922 694 quia
1969 613 2204 676 missus
2249 616 2366 693 est,
2415 613 2638 676 missio
2699 613 2840 676 eius
2883 631 3022 676 non

662 720 763 780 est
808 713 887 778 de
913 714 1193 797 Virgine
1240 714 1324 778 ad
1370 714 1864 796 humanitatem,
1913 713 2029 778 sed
2075 713 2153 778 de
2201 717 2500 778 essentia.
2533 713 2617 778 ad
2647 713 3022 798 Virginem,

663 822 733 880 ut
779 820 1003 900 postea
1050 816 1167 880 sub
1216 815 1363 898 lege
1396 813 1616 880 fieret:
1670 836 1708 878 ⁴<
1733 815 1912 880 Misit
1943 815 2113 879 Deus
2142 815 2381 880 Filium
2411 835 2600 880 suum
2645 821 2716 879 ut
2749 835 2834 880 ex
2860 815 3019 880 Vir-

668 919 819 1000 gine
866 922 933 980 et
978 917 1098 980 sub
1142 916 1291 1000 lege
1339 913 1547 999 fieret,
1595 922 1667 982 ut
1698 937 1814 982 eos
1845 919 1954 1002 qui
1999 916 2296 1001 sublege
2329 922 2522 982 erant
2568 915 2922 981 redimeret
2955 938 3016 980 ».

748 1017 973 1101 Itaque
1021 1018 1233 1102 Virgo
1278 1020 1348 1082 in
1394 1017 1609 1082 medio
1656 1021 1868 1102 posita
1913 1024 2030 1100 est,
2077 1026 2146 1082 et
2189 1017 2302 1082 ille
2349 1020 2460 1101 qui
2503 1017 2860 1082 exsistebat
2901 1037 3022 1082 an-
3101 1033 3136 1078 5

662 1126 921 1204 tequam
967 1118 1175 1202 fieret,
1222 1123 1457 1186 missus
1502 1125 1600 1184 est
1644 1126 1718 1184 ut
1763 1140 1849 1185 ex
1895 1141 1975 1185 ea
2021 1119 2226 1186 fieret.
2275 1120 2358 1184 Et
2397 1140 2543 1186 cum
2589 1119 2801 1184 factus
2847 1124 3022 1185 esset

661 1241 747 1286 ex
793 1219 1090 1304 muliere,
1139 1224 1415 1286 intravit
1475 1227 1545 1285 ut
1586 1223 2082 1305 primogenitus
2141 1223 2210 1284 in
2265 1221 2491 1286 orbem
2553 1227 2904 1303 terrarum,
2951 1224 3020 1284 et

661 1324 781 1387 sub
827 1323 975 1406 lege
1022 1321 1237 1387 133133
1282 1327 1401 1405 est,
1449 1325 1615 1388 siout
1674 1322 1756 1387 de
1803 1343 1884 1388 eo
1929 1325 2241 1408 scriptum
2287 1327 2403 1388 est.
2467 1323 2746 1405 Etenim,
2795 1325 3020 1386 statim

660 1446 739 1491 ac
784 1431 979 1490 natus
1024 1430 1143 1506 est,
1191 1445 1325 1491 non
1355 1425 1561 1490 solum
1593 1426 1928 1490 naturalia
1959 1425 2358 1510 adimplevit,
2391 1425 2506 1490 sed
2536 1429 2732 1490 etiam
2773 1424 3020 1508 legalia

661 1530 974 1592 servavit.
1022 1527 1205 1591 Haec
1236 1533 1387 1592 sunt
1416 1527 1750 1592 naturalia
1783 1527 1950 1612 quod
1995 1533 2190 1594 33133
2235 1533 2333 1592 331
2363 1547 2450 1592 ex
2495 1527 2790 1610 muliere,
2831 1529 3020 1590 invo—
3081 1545 3136 1588 13

660 1629 835 1694 13133
880 1635 979 1694 331
1024 1632 1277 1713 pannis,
1326 1632 1503 1693 suxit
1563 1629 1686 1712 lac,
1735 1635 2030 1714 portatus
2089 1635 2188 1694 est
2233 1632 2302 1694 in
2362 1630 2654 1696 brachiis
2713 1635 2780 1694 et
2823 1648 3023 1712 super

664 1751 899 1817 genua,
948 1733 1288 1797 crescebat
1326 1733 1672 1816 paulatim3
1724 1731 1808 1797 ad
1839 1733 2056 1817 legem
2085 1735 2370 1818 pertinet
2399 1732 2568 1817 quod
2599 1733 3022 1798 circumcisus

662 1840 781 1918 est,
830 1834 1063 1900 obtulit
1108 1835 1349 1900 donum
1397 1840 1541 1919 post
1586 1835 2026 1919 quadraginta
2073 1836 2230 1918 dies,
2265 1835 2704 1901 adscendebat
2737 1833 3020 1918 singulis

662 1938 857 2002 annis
901 1935 986 2001 ad
1031 1936 1339 2021 templum
1386 1941 1457 2000 ut
1502 1939 1942 2002 ministerium
1988 1937 2202 2022 legale
2257 1937 2661 2022 adimpleret,
2723 1934 3018 2002 subditus

661 2045 807 2106 erat
852 2040 1251 2124 parentibus,
1300 2044 1367 2104 et
1413 2039 1547 2104 alia
1592 2039 1904 2104 mandata
1957 2043 2178 2105 omnia
2223 2060 2409 2126 quae,
2458 2046 2530 2105 31
2573 2044 2846 2121 3333131,
2891 2041 3013 2102 113-
3074 2056 3130 2101 15

661 2141 882 2226 plevit,
932 2144 1097 2206 sicut
1128 2141 1372 2206 Paulus
1406 2141 1483 2206 de
1518 2162 1597 2207 eo
1628 2141 1828 2207 dixit:
1885 2168 1918 2201 ‹
1951 2142 2164 2208 133133
2195 2149 2295 2207 331
2325 2143 2444 2208 sub
2487 2142 2636 2226 lege
2670 2163 2729 2206 ».
2771 2141 3017 2224 Legem

661 2263 825 2328 ergo
870 2247 1165 2309 servavit
1210 2250 1547 2328 postquam
1592 2244 2060 2310 inhumanatus
2090 2250 2190 2309 est
2235 2249 2298 2310 et
2344 2249 2560 2326 33133,
2609 2245 2759 2328 quia
2805 2242 2918 2308 lex
2947 2243 3018 2306 13

661 2346 959 2412 homines
1004 2351 1389 2430 potestatem
1422 2346 1726 2411 habebat.
1761 2344 2172 2431 Quapropter
2203 2350 2400 2412 etiam
2447 2351 2782 2430 postquam
2819 2350 3016 2410 natus

662 2453 759 2512 est
792 2467 876 2511 ex
899 2447 1200 2532 Virgine,
1234 2451 1475 2532 incepit
1506 2469 1647 2514 esse
1680 2449 1800 2512 sub
1829 2449 1997 2532 lege.
2024 2449 2318 2514 Primum
2349 2452 2584 2514 missus
2629 2453 2727 2512 est
2752 2468 2792 2513 3
2815 2447 3017 2512 Patre

662 2553 727 2613 et
772 2547 985 2612 133133
1032 2555 1129 2612 331
1176 2569 1261 2614 ex
1308 2549 1613 2626 muliere;
1666 2555 1732 2614 et
1778 2555 2113 2634 postquam
2151 2569 2240 2614 ex
2285 2569 2365 2616 ea
2395 2549 2608 2614 factus
2653 2554 2752 2614 est
2798 2549 3015 2632 homo,
3074 2567 3136 2612 20

661 2649 873 2719 factus
918 2655 1017 2715 est
1049 2653 1247 2715 etiam
1280 2651 1398 2716 sub
1430 2652 1597 2736 1333.
1631 2652 1876 2717 Ρ33133
1906 2652 2031 2718 1133
2081 2672 2117 2716 «
2149 2651 2364 2718 133133
2394 2657 2552 2716 est»
2604 2652 2705 2715 bis
2736 2653 3016 2735 scripsit,

661 2757 727 2816 et
774 2751 941 2816 dixit
1008 2773 1044 2816 ‹
1074 2751 1289 2818 factus
1334 2758 1433 2817 est
1478 2773 1564 2818 ex
1610 2753 1884 2818 muliere
1917 2774 1953 2818 ))
2021 2759 2086 2818 31
2132 2760 2356 2838 postea
2415 2775 2452 2818 ⁴<
2482 2752 2694 2818 factus
2753 2757 2852 2817 est
2898 2753 3020 2818 sub

661 2854 809 2938 1333
841 2881 903 2936 ι»,
967 2861 1037 2921 31
1084 2856 1455 2922 ostenderet
1524 2856 2060 2942 quemadmodum
2106 2856 2218 2922 ille
2275 2859 2385 2942 qui
2429 2857 2548 2921 sub
2609 2855 2756 2940 lege
2803 2855 3018 2920 133133

662 2963 761 3022 331
806 2977 939 3022 333
993 2961 1374 3042 agnoscitur
1420 2958 1722 3024 diversus
1767 2959 1850 3024 ab
1897 2979 1976 3024 eo
2023 2962 2132 3044 qui
2177 2979 2264 3024 ex
2315 2958 2590 3024 muliere
2639 2957 2852 3024 133133
2897 2963 3016 3040 331,

663 3061 755 3123 ita
803 3063 1003 3124 etiam
1047 3060 1233 3124 illum
1278 3064 1388 3144 qui
1418 3058 1541 3126 *ex
1586 3061 1864 3126 muliere
1909 3060 2122 3126 factus
2165 3068 2284 3144 est,
2331 3081 2465 3126 non
2511 3059 2775 3125 differre
2815 3059 2899 3124 ab
2937 3079 3018 3124 eo
3072 3077 3134 3120 25

663 3164 773 3246 qui
820 3181 859 3226 a
907 3162 1106 3227 Patre
1154 3166 1388 3228 missus
1434 3169 1550 3228 est.

750 3265 956 3329 Filius
1000 3267 1208 3348 igitur
1237 3269 1347 3350 qui
1376 3272 1476 3332 est
1506 3287 1591 3332 ex
1624 3270 1930 3350 essentia,
1977 3287 2017 3332 a
2049 3267 2248 3332 Patre
2281 3269 2516 3332 missus
2553 3271 2670 3349 est,
2711 3272 2779 3331 et
2806 3265 3020 3332 133133

662 3374 761 3434 331
806 3369 1021 3450 113133,
1056 3372 1121 3432 31
1150 3374 1345 3434 33133
1375 3375 1473 3434 331
1520 3389 1607 3434 ex
1652 3369 1950 3452 muliere,
1983 3374 2048 3434 et
2079 3371 2278 3434 etiam
2311 3369 2430 3433 331)
2459 3369 2608 3453 1333
2656 3367 2868 3434 133133
2897 3372 3014 3432 est.

661 3473 745 3538 Et
782 3471 1321 3556 quemadmodum
1359 3475 1605 3536 sentire
1636 3491 1769 3536 non
1801 3471 1956 3537 licet
1986 3491 2134 3536 eum
2165 3474 2274 3555 qui
2304 3472 2424 3536 sub
2453 3472 2602 3556 1333
2647 3470 2862 3536 133133
2899 3475 3017 3554 331,
3109 3551 3112 3554 ,

662 3573 865 3638 311313
910 3593 1052 3638 3333
1100 3573 1184 3638 31)
1230 3593 1309 3638 33
1356 3576 1464 3656 qui
1511 3593 1597 3637 ex
1656 3573 1932 3638 muliere
1980 3572 2192 3640 133133
2237 3578 2360 3650 331;
2418 3577 2512 3638 113
2559 3579 2625 3638 31
2675 3573 2860 3637 111313
2905 3575 3016 3656 qui
3067 3585 3130 3631 ao

661 3696 747 3739 ex
793 3676 1067 3739 muliere
1115 3675 1327 3739 factus
1372 3680 1489 3757 est,
1540 3675 1742 3740 alium
1773 3695 1906 3740 non
1951 3675 2104 3740 licet
2135 3678 2432 3760 cogitare
2479 3695 2557 3740 33
2603 3695 2754 3740 eum
2792 3677 2900 3759 qui
2929 3694 3019 3738 ex

661 3777 860 3842 Patre
910 3780 1169 3860 genitus
1198 3783 1315 3842 est.
1364 3777 1449 3842 Et
1478 3781 1644 3844 sicut
1688 3780 1826 3862 ipse
1875 3777 2310 3862 personaliter
2354 3778 2568 3862 legem
2615 3777 3014 3862 adimplevit,

660 3898 795 3944 non
842 3885 1061 3944 autem
1108 3879 1241 3944 alia
1310 3899 1590 3964 persona
1636 3885 1831 3944 extra
1875 3883 2086 3964 ipsum
2149 3882 2380 3962 agnita
2425 3880 2640 3964 legem
2685 3882 3014 3954 servavit;

660 3985 754 4046 ita
802 3987 867 4047 et
912 3985 1049 4066 ipse
1098 3982 1532 4066 personaliter
1581 3983 1794 4047 133133
1839 3987 1937 4046 331
1983 4002 2160 4065 carc,
2193 4001 2326 4048 non
2372 4002 2529 4047 caro
2577 3982 2794 4046 aliena
2839 3980 3018 4046 13313

661 4090 759 4149 331
790 4087 895 4150 331
926 4083 1339 4149 adhaereret.
1374 4084 1722 4168 Apostolus
1751 4088 1947 4168 enim,
1979 4105 2111 4150 non
2143 4085 2222 4150 de
2255 4105 2549 4169 corpore,
2581 4084 2696 4149 sed
2735 4084 2816 4149 de
2845 4083 3016 4148 Filio
3071 4098 3130 4142 35

661 4187 827 4252 dixit
858 4187 1103 4253 factum
1138 4207 1279 4252 esse
1311 4207 1397 4251 ex
1429 4187 1739 4252 muliere:
1779 4209 1815 4252 ‹
1847 4187 2025 4252 Misit
2055 4188 2226 4252 Deus
2255 4187 2494 4252 Filium
2525 4206 2734 4270 suum,
2771 4184 3018 4251 133133)

661 4308 747 4352 ex
792 4289 1067 4354 muliere
1100 4309 1160 4354 ».
1210 4289 1293 4352 Et
1324 4288 1861 4372 quemadmodum
1893 4288 2202 4354 mandata
2234 4289 2404 4372 legis
2435 4291 2506 4352 in
2551 4307 2832 4372 persona
2861 4287 3018 4352 Filii

660 4389 1012 4474 adimpleta
1059 4397 1226 4474 sunt,
1275 4394 1369 4454 ita
1416 4396 1480 4454 et
1519 4391 1952 4475 corporalitas
1997 4411 2082 4454 ex
2113 4390 2392 4474 Virgine
2440 4393 2510 4454 in
2541 4409 2821 4475 persona
2865 4389 3023 4453 Filii

663 4495 891 4576 agnita
938 4498 1052 4557 est.
1103 4492 1221 4556 Ille
1270 4495 1463 4576 enim,
1514 4495 1622 4577 qui
1653 4499 1754 4558 est
1781 4493 2072 4558 Verbum
2121 4513 2206 4558 ex
2237 4493 2456 4576 Patre,
2503 4492 2676 4557 idem
2723 4498 2822 4556 est
2857 4511 3018 4558 caro
