<?xml version="1.0" encoding="UTF-8"?>
<!DOCTYPE html PUBLIC "-//W3C//DTD XHTML 1.0 Transitional//EN"
    "http://www.w3.org/TR/xhtml1/DTD/xhtml1-transitional.dtd">
<html xmlns="http://www.w3.org/1999/xhtml" xml:lang="en" lang="en">
 <head>
  <title>
</title>
<meta http-equiv="Content-Type" content="text/html;charset=utf-8" />
  <meta name='ocr-system' content='tesseract 3.04.00' />
  <meta name='ocr-capabilities' content='ocr_page ocr_carea ocr_par ocr_line ocrx_word'/>
</head>
<body>
  <div class='ocr_page' id='page_1' title='image "./corpusscriptoru13unkngoog_0135.png"; bbox 0 0 3400 5642; ppageno 0'>
   <div class='ocr_carea' id='block_1_1' title="bbox 1654 523 2112 612">
    <p class='ocr_par' dir='ltr' id='par_1_1' title="bbox 1654 523 2112 612">
     <span class='ocr_line' id='line_1_1' title="bbox 1654 523 2112 612; baseline 0 -24"><span class='ocrx_word' id='word_1_1' title='bbox 1654 523 2112 612; x_wconf 47' lang='grc'><strong>«(124)»</strong></span> 
     </span>
    </p>
   </div>
   <div class='ocr_carea' id='block_1_2' title="bbox 691 662 3165 4430">
    <p class='ocr_par' dir='ltr' id='par_1_2' title="bbox 702 662 3161 1571">
     <span class='ocr_line' id='line_1_2' title="bbox 704 662 3057 752; baseline 0.001 -22"><span class='ocrx_word' id='word_1_2' title='bbox 704 662 1065 748; x_wconf 80' lang='lat' dir='ltr'><strong>ciflgendus</strong></span> <span class='ocrx_word' id='word_1_3' title='bbox 1110 671 1276 748; x_wconf 88' lang='lat' dir='ltr'><strong>erat,</strong></span> <span class='ocrx_word' id='word_1_4' title='bbox 1324 664 1611 732; x_wconf 84' lang='lat' dir='ltr'><strong>fixerunt</strong></span> <span class='ocrx_word' id='word_1_5' title='bbox 1656 667 1752 732; x_wconf 95' lang='lat' dir='ltr'><strong>ibi</strong></span> <span class='ocrx_word' id='word_1_6' title='bbox 1797 687 2058 732; x_wconf 86' lang='lat' dir='ltr'><strong>crucem</strong></span> <span class='ocrx_word' id='word_1_7' title='bbox 2105 674 2170 732; x_wconf 92' lang='lat' dir='ltr'><strong>et</strong></span> <span class='ocrx_word' id='word_1_8' title='bbox 2214 671 2284 732; x_wconf 90' lang='lat' dir='ltr'><strong>in</strong></span> <span class='ocrx_word' id='word_1_9' title='bbox 2332 687 2481 734; x_wconf 88' lang='lat' dir='ltr'><strong>eam</strong></span> <span class='ocrx_word' id='word_1_10' title='bbox 2525 668 2738 733; x_wconf 88' lang='lat' dir='ltr'><strong>Iesum</strong></span> <span class='ocrx_word' id='word_1_11' title='bbox 2793 687 3057 752; x_wconf 87' lang='lat' dir='ltr'><strong>suspen-</strong></span> 
     </span>
     <span class='ocr_line' id='line_1_3' title="bbox 704 765 3056 855; baseline 0.001 -23"><span class='ocrx_word' id='word_1_12' title='bbox 704 765 961 832; x_wconf 88' lang='lat' dir='ltr'><strong>derunt.</strong></span> <span class='ocrx_word' id='word_1_13' title='bbox 996 766 1078 830; x_wconf 86' lang='lat' dir='ltr'><strong>Et</strong></span> <span class='ocrx_word' id='word_1_14' title='bbox 1124 766 1351 832; x_wconf 78' lang='lat' dir='ltr'><strong>forsan</strong></span> <span class='ocrx_word' id='word_1_15' title='bbox 1398 767 1661 834; x_wconf 84' lang='lat' dir='ltr'><strong>Simeon</strong></span> <span class='ocrx_word' id='word_1_16' title='bbox 1707 771 1889 854; x_wconf 88' lang='lat' dir='ltr'><strong>prius</strong></span> <span class='ocrx_word' id='word_1_17' title='bbox 1917 789 2182 836; x_wconf 84' lang='lat' dir='ltr'><strong>crucem</strong></span> <span class='ocrx_word' id='word_1_18' title='bbox 2229 769 2376 836; x_wconf 94' lang='lat' dir='ltr'><strong>ideo</strong></span> <span class='ocrx_word' id='word_1_19' title='bbox 2408 773 2696 855; x_wconf 89' lang='lat' dir='ltr'><strong>portavit</strong></span> <span class='ocrx_word' id='word_1_20' title='bbox 2741 775 2812 834; x_wconf 93' lang='lat' dir='ltr'><strong>ut</strong></span> <span class='ocrx_word' id='word_1_21' title='bbox 2843 777 3056 834; x_wconf 89' lang='lat' dir='ltr'><strong>osten-</strong></span> 
     </span>
     <span class='ocr_line' id='line_1_4' title="bbox 705 866 3054 957; baseline 0.001 -24"><span class='ocrx_word' id='word_1_22' title='bbox 705 866 975 933; x_wconf 80' lang='lat' dir='ltr'><strong>deretur</strong></span> <span class='ocrx_word' id='word_1_23' title='bbox 1024 867 1239 933; x_wconf 90' lang='lat' dir='ltr'><strong>Iesum</strong></span> <span class='ocrx_word' id='word_1_24' title='bbox 1294 875 1559 954; x_wconf 90' lang='lat' dir='ltr'><strong>propter</strong></span> <span class='ocrx_word' id='word_1_25' title='bbox 1612 876 1950 954; x_wconf 85' lang='lat' dir='ltr'><strong>peccatum</strong></span> <span class='ocrx_word' id='word_1_26' title='bbox 2004 870 2304 952; x_wconf 86' lang='lat' dir='ltr'><strong>aliorum,</strong></span> <span class='ocrx_word' id='word_1_27' title='bbox 2359 891 2493 937; x_wconf 90' lang='lat' dir='ltr'><strong>non</strong></span> <span class='ocrx_word' id='word_1_28' title='bbox 2539 877 2807 957; x_wconf 88' lang='lat' dir='ltr'><strong>propter</strong></span> <span class='ocrx_word' id='word_1_29' title='bbox 2850 892 3054 955; x_wconf 89' lang='lat' dir='ltr'><strong>suum,</strong></span> 
     </span>
     <span class='ocr_line' id='line_1_5' title="bbox 704 971 3056 1054; baseline 0.002 -21"><span class='ocrx_word' id='word_1_30' title='bbox 704 972 1125 1035; x_wconf 89' lang='lat' dir='ltr'><strong>moriturum:</strong></span> <span class='ocrx_word' id='word_1_31' title='bbox 1178 991 1215 1034; x_wconf 83' lang='lat'>‹</span> <span class='ocrx_word' id='word_1_32' title='bbox 1255 972 1529 1054; x_wconf 82' lang='lat' dir='ltr'><strong>Etenim,</strong></span> <span class='ocrx_word' id='word_1_33' title='bbox 1554 978 1746 1038; x_wconf 88' lang='lat' dir='ltr'><strong>vetus</strong></span> <span class='ocrx_word' id='word_1_34' title='bbox 1775 972 1970 1038; x_wconf 88' lang='lat' dir='ltr'><strong>bomo</strong></span> <span class='ocrx_word' id='word_1_35' title='bbox 2001 971 2354 1038; x_wconf 81' lang='lat' dir='ltr'><strong>crucifixus</strong></span> <span class='ocrx_word' id='word_1_36' title='bbox 2383 979 2482 1038; x_wconf 92' lang='lat' dir='ltr'><strong>est</strong></span> <span class='ocrx_word' id='word_1_37' title='bbox 2513 994 2660 1038; x_wconf 89' lang='lat' dir='ltr'><strong>cum</strong></span> <span class='ocrx_word' id='word_1_38' title='bbox 2691 993 2770 1038; x_wconf 91' lang='lat' dir='ltr'><strong>eo</strong></span> <span class='ocrx_word' id='word_1_39' title='bbox 2803 995 2864 1054; x_wconf 81' lang='lat'><strong>»‚</strong></span> <span class='ocrx_word' id='word_1_40' title='bbox 2899 973 3056 1038; x_wconf 84' lang='lat' dir='ltr'><strong>dicit</strong></span> 
     </span>
     <span class='ocr_line' id='line_1_6' title="bbox 705 1070 3161 1160; baseline 0 -25"><span class='ocrx_word' id='word_1_41' title='bbox 705 1070 1092 1156; x_wconf 82' lang='lat' dir='ltr'><strong>Apostolus¹</strong></span> <span class='ocrx_word' id='word_1_42' title='bbox 1146 1072 1225 1138; x_wconf 91' lang='lat' dir='ltr'><strong>de</strong></span> <span class='ocrx_word' id='word_1_43' title='bbox 1258 1074 1521 1138; x_wconf 88' lang='lat' dir='ltr'><strong>bomine</strong></span> <span class='ocrx_word' id='word_1_44' title='bbox 1546 1077 1654 1158; x_wconf 87' lang='lat' dir='ltr'><strong>qui</strong></span> <span class='ocrx_word' id='word_1_45' title='bbox 1686 1080 1954 1159; x_wconf 83' lang='lat' dir='ltr'><strong>peccato</strong></span> <span class='ocrx_word' id='word_1_46' title='bbox 1977 1078 2320 1141; x_wconf 82' lang='lat' dir='ltr'><strong>servierat.</strong></span> <span class='ocrx_word' id='word_1_47' title='bbox 2355 1076 2436 1140; x_wconf 91' lang='lat' dir='ltr'><strong>Et</strong></span> <span class='ocrx_word' id='word_1_48' title='bbox 2467 1096 2696 1140; x_wconf 88' lang='lat' dir='ltr'><strong>rursus</strong></span> <span class='ocrx_word' id='word_1_49' title='bbox 2719 1075 3055 1160; x_wconf 84' lang='lat' dir='ltr'><strong>Scriptura</strong></span> <span class='ocrx_word' id='word_1_50' title='bbox 3135 1093 3161 1136; x_wconf 81' lang='lat'>5</span> 
     </span>
     <span class='ocr_line' id='line_1_7' title="bbox 704 1173 3057 1264; baseline 0.002 -24"><span class='ocrx_word' id='word_1_51' title='bbox 704 1177 799 1240; x_wconf 85' lang='lat' dir='ltr'><strong>ait</strong></span> <span class='ocrx_word' id='word_1_52' title='bbox 822 1173 881 1238; x_wconf 78' lang='lat'><strong>²:</strong></span> <span class='ocrx_word' id='word_1_53' title='bbox 936 1197 971 1238; x_wconf 82' lang='grc'><strong>«</strong></span> <span class='ocrx_word' id='word_1_54' title='bbox 1004 1175 1239 1240; x_wconf 90' lang='lat' dir='ltr'><strong>Omnia</strong></span> <span class='ocrx_word' id='word_1_55' title='bbox 1286 1182 1554 1262; x_wconf 82' lang='lat' dir='ltr'><strong>peccata</strong></span> <span class='ocrx_word' id='word_1_56' title='bbox 1598 1184 1828 1242; x_wconf 88' lang='lat' dir='ltr'><strong>nostra</strong></span> <span class='ocrx_word' id='word_1_57' title='bbox 1873 1179 2012 1263; x_wconf 87' lang='lat' dir='ltr'><strong>ipse</strong></span> <span class='ocrx_word' id='word_1_58' title='bbox 2058 1178 2316 1244; x_wconf 82' lang='lat' dir='ltr'><strong>sustulit</strong></span> <span class='ocrx_word' id='word_1_59' title='bbox 2363 1185 2428 1244; x_wconf 91' lang='lat' dir='ltr'><strong>et</strong></span> <span class='ocrx_word' id='word_1_60' title='bbox 2471 1179 2740 1264; x_wconf 89' lang='lat' dir='ltr'><strong>pertulit</strong></span> <span class='ocrx_word' id='word_1_61' title='bbox 2781 1181 2854 1243; x_wconf 90' lang='lat' dir='ltr'><strong>in</strong></span> <span class='ocrx_word' id='word_1_62' title='bbox 2915 1199 3057 1244; x_wconf 86' lang='lat' dir='ltr'><strong>cor-</strong></span> 
     </span>
     <span class='ocr_line' id='line_1_8' title="bbox 704 1278 3058 1365; baseline 0.002 -24"><span class='ocrx_word' id='word_1_63' title='bbox 704 1296 861 1362; x_wconf 86' lang='lat' dir='ltr'><strong>pore</strong></span> <span class='ocrx_word' id='word_1_64' title='bbox 912 1297 1031 1342; x_wconf 90' lang='lat' dir='ltr'><strong>suo</strong></span> <span class='ocrx_word' id='word_1_65' title='bbox 1076 1298 1275 1362; x_wconf 88' lang='lat' dir='ltr'><strong>super</strong></span> <span class='ocrx_word' id='word_1_66' title='bbox 1316 1278 1569 1363; x_wconf 81' lang='lat' dir='ltr'><strong>lignum</strong></span> <span class='ocrx_word' id='word_1_67' title='bbox 1603 1302 1662 1344; x_wconf 80' lang='lat'><strong>».</strong></span> <span class='ocrx_word' id='word_1_68' title='bbox 1730 1279 1936 1344; x_wconf 91' lang='lat' dir='ltr'><strong>Vetus</strong></span> <span class='ocrx_word' id='word_1_69' title='bbox 1981 1280 2178 1346; x_wconf 88' lang='lat' dir='ltr'><strong>homo</strong></span> <span class='ocrx_word' id='word_1_70' title='bbox 2223 1301 2371 1346; x_wconf 88' lang='lat' dir='ltr'><strong>cum</strong></span> <span class='ocrx_word' id='word_1_71' title='bbox 2417 1301 2496 1346; x_wconf 94' lang='lat' dir='ltr'><strong>eo</strong></span> <span class='ocrx_word' id='word_1_72' title='bbox 2541 1279 2894 1346; x_wconf 85' lang='lat' dir='ltr'><strong>crucifixus</strong></span> <span class='ocrx_word' id='word_1_73' title='bbox 2939 1287 3058 1365; x_wconf 89' lang='lat' dir='ltr'><strong>est,</strong></span> 
     </span>
     <span class='ocr_line' id='line_1_9' title="bbox 702 1381 3062 1468; baseline 0.001 -24"><span class='ocrx_word' id='word_1_74' title='bbox 702 1399 851 1444; x_wconf 90' lang='lat' dir='ltr'><strong>cum</strong></span> <span class='ocrx_word' id='word_1_75' title='bbox 897 1383 1033 1466; x_wconf 90' lang='lat' dir='ltr'><strong>ipse</strong></span> <span class='ocrx_word' id='word_1_76' title='bbox 1082 1402 1358 1466; x_wconf 87' lang='lat' dir='ltr'><strong>poenam</strong></span> <span class='ocrx_word' id='word_1_77' title='bbox 1386 1388 1619 1448; x_wconf 87' lang='lat' dir='ltr'><strong>contra</strong></span> <span class='ocrx_word' id='word_1_78' title='bbox 1652 1381 1984 1448; x_wconf 88' lang='lat' dir='ltr'><strong>hominem</strong></span> <span class='ocrx_word' id='word_1_79' title='bbox 2017 1388 2310 1448; x_wconf 91' lang='lat' dir='ltr'><strong>veterem</strong></span> <span class='ocrx_word' id='word_1_80' title='bbox 2343 1382 2675 1449; x_wconf 87' lang='lat' dir='ltr'><strong>decretam</strong></span> <span class='ocrx_word' id='word_1_81' title='bbox 2719 1404 2840 1468; x_wconf 91' lang='lat' dir='ltr'><strong>pro</strong></span> <span class='ocrx_word' id='word_1_82' title='bbox 2869 1384 3062 1450; x_wconf 89' lang='lat' dir='ltr'><strong>nobis</strong></span> 
     </span>
     <span class='ocr_line' id='line_1_10' title="bbox 702 1482 3056 1571; baseline 0.001 -25"><span class='ocrx_word' id='word_1_83' title='bbox 702 1482 899 1566; x_wconf 81' lang='lat' dir='ltr'><strong>dedit,</strong></span> <span class='ocrx_word' id='word_1_84' title='bbox 946 1490 1015 1549; x_wconf 91' lang='lat' dir='ltr'><strong>et</strong></span> <span class='ocrx_word' id='word_1_85' title='bbox 1058 1487 1195 1568; x_wconf 88' lang='lat' dir='ltr'><strong>ipse</strong></span> <span class='ocrx_word' id='word_1_86' title='bbox 1242 1484 1679 1569; x_wconf 82' lang='lat' dir='ltr'><strong>personaliter</strong></span> <span class='ocrx_word' id='word_1_87' title='bbox 1707 1483 2062 1550; x_wconf 81' lang='lat' dir='ltr'><strong>crucifixus</strong></span> <span class='ocrx_word' id='word_1_88' title='bbox 2091 1491 2210 1568; x_wconf 89' lang='lat' dir='ltr'><strong>est,</strong></span> <span class='ocrx_word' id='word_1_89' title='bbox 2259 1493 2326 1551; x_wconf 84' lang='lat' dir='ltr'><strong>et</strong></span> <span class='ocrx_word' id='word_1_90' title='bbox 2357 1483 2602 1571; x_wconf 75' lang='lat' dir='ltr'><strong>passuS,</strong></span> <span class='ocrx_word' id='word_1_91' title='bbox 2645 1491 2710 1550; x_wconf 91' lang='lat' dir='ltr'><strong>et</strong></span> <span class='ocrx_word' id='word_1_92' title='bbox 2739 1493 3056 1552; x_wconf 84' lang='lat' dir='ltr'><strong>mortuus.</strong></span> 
     </span>
    </p>

    <p class='ocr_par' dir='ltr' id='par_1_3' title="bbox 702 1585 3163 2078">
     <span class='ocr_line' id='line_1_11' title="bbox 792 1585 3163 1673; baseline 0 -23"><span class='ocrx_word' id='word_1_93' title='bbox 792 1585 961 1650; x_wconf 92' lang='lat' dir='ltr'><strong>Ecce</strong></span> <span class='ocrx_word' id='word_1_94' title='bbox 994 1588 1203 1670; x_wconf 89' lang='lat' dir='ltr'><strong>igitur</strong></span> <span class='ocrx_word' id='word_1_95' title='bbox 1230 1585 1513 1670; x_wconf 89' lang='lat' dir='ltr'><strong>undique</strong></span> <span class='ocrx_word' id='word_1_96' title='bbox 1547 1587 1970 1672; x_wconf 87' lang='lat' dir='ltr'><strong>probavimus</strong></span> <span class='ocrx_word' id='word_1_97' title='bbox 2003 1587 2336 1652; x_wconf 84' lang='lat' dir='ltr'><strong>Christum</strong></span> <span class='ocrx_word' id='word_1_98' title='bbox 2367 1586 2785 1653; x_wconf 88' lang='lat' dir='ltr'><strong>maledictum</strong></span> <span class='ocrx_word' id='word_1_99' title='bbox 2807 1592 3060 1673; x_wconf 85' lang='lat' dir='ltr'><strong>peccati</strong></span> <span class='ocrx_word' id='word_1_100' title='bbox 3116 1605 3163 1651; x_wconf 81' lang='grc' dir='ltr'><strong>ιο</strong></span> 
     </span>
     <span class='ocr_line' id='line_1_12' title="bbox 702 1687 3060 1774; baseline 0.002 -22"><span class='ocrx_word' id='word_1_101' title='bbox 702 1687 947 1770; x_wconf 88' lang='lat' dir='ltr'><strong>tulisse,</strong></span> <span class='ocrx_word' id='word_1_102' title='bbox 980 1693 1047 1752; x_wconf 89' lang='lat' dir='ltr'><strong>et</strong></span> <span class='ocrx_word' id='word_1_103' title='bbox 1092 1688 1373 1753; x_wconf 89' lang='lat' dir='ltr'><strong>alterum</strong></span> <span class='ocrx_word' id='word_1_104' title='bbox 1419 1707 1669 1773; x_wconf 90' lang='lat' dir='ltr'><strong>poenae</strong></span> <span class='ocrx_word' id='word_1_105' title='bbox 1713 1687 1960 1754; x_wconf 83' lang='lat' dir='ltr'><strong>factum</strong></span> <span class='ocrx_word' id='word_1_106' title='bbox 2007 1709 2168 1754; x_wconf 87' lang='lat' dir='ltr'><strong>esse.</strong></span> <span class='ocrx_word' id='word_1_107' title='bbox 2219 1690 2500 1773; x_wconf 85' lang='lat' dir='ltr'><strong>Etenim,</strong></span> <span class='ocrx_word' id='word_1_108' title='bbox 2533 1689 2688 1754; x_wconf 86' lang='lat' dir='ltr'><strong>licet</strong></span> <span class='ocrx_word' id='word_1_109' title='bbox 2731 1710 2865 1755; x_wconf 91' lang='lat' dir='ltr'><strong>non</strong></span> <span class='ocrx_word' id='word_1_110' title='bbox 2911 1711 3060 1774; x_wconf 82' lang='lat' dir='ltr'><strong>peo-</strong></span> 
     </span>
     <span class='ocr_line' id='line_1_13' title="bbox 702 1792 3061 1877; baseline 0.001 -23"><span class='ocrx_word' id='word_1_111' title='bbox 702 1792 975 1872; x_wconf 84' lang='lat' dir='ltr'><strong>caverit,</strong></span> <span class='ocrx_word' id='word_1_112' title='bbox 1008 1795 1303 1854; x_wconf 88' lang='lat' dir='ltr'><strong>mortuus</strong></span> <span class='ocrx_word' id='word_1_113' title='bbox 1334 1795 1433 1856; x_wconf 86' lang='lat' dir='ltr'><strong>est</strong></span> <span class='ocrx_word' id='word_1_114' title='bbox 1464 1793 1633 1856; x_wconf 89' lang='lat' dir='ltr'><strong>sicut</strong></span> <span class='ocrx_word' id='word_1_115' title='bbox 1660 1810 1852 1856; x_wconf 89' lang='lat' dir='ltr'><strong>unus.</strong></span> <span class='ocrx_word' id='word_1_116' title='bbox 1875 1811 1962 1856; x_wconf 86' lang='lat' dir='ltr'><strong>ex</strong></span> <span class='ocrx_word' id='word_1_117' title='bbox 2009 1792 2480 1876; x_wconf 76' lang='lat' dir='ltr'><strong>peccatoribuS,</strong></span> <span class='ocrx_word' id='word_1_118' title='bbox 2527 1797 2596 1856; x_wconf 90' lang='lat' dir='ltr'><strong>et</strong></span> <span class='ocrx_word' id='word_1_119' title='bbox 2624 1792 2778 1857; x_wconf 84' lang='lat' dir='ltr'><strong>licet</strong></span> <span class='ocrx_word' id='word_1_120' title='bbox 2821 1794 3061 1877; x_wconf 84' lang='lat' dir='ltr'><strong>iniqui-</strong></span> 
     </span>
     <span class='ocr_line' id='line_1_14' title="bbox 702 1891 3060 1978; baseline 0.001 -22"><span class='ocrx_word' id='word_1_121' title='bbox 702 1896 903 1956; x_wconf 80' lang='lat' dir='ltr'><strong>tatem</strong></span> <span class='ocrx_word' id='word_1_122' title='bbox 948 1911 1083 1956; x_wconf 88' lang='lat' dir='ltr'><strong>non</strong></span> <span class='ocrx_word' id='word_1_123' title='bbox 1128 1891 1360 1957; x_wconf 86' lang='lat' dir='ltr'><strong>fecerit</strong></span> <span class='ocrx_word' id='word_1_124' title='bbox 1404 1912 1529 1958; x_wconf 91' lang='lat' dir='ltr'><strong>nec</strong></span> <span class='ocrx_word' id='word_1_125' title='bbox 1574 1892 1762 1959; x_wconf 90' lang='lat' dir='ltr'><strong>dolus</strong></span> <span class='ocrx_word' id='word_1_126' title='bbox 1805 1895 1878 1956; x_wconf 89' lang='lat' dir='ltr'><strong>in</strong></span> <span class='ocrx_word' id='word_1_127' title='bbox 1921 1913 2038 1958; x_wconf 88' lang='lat' dir='ltr'><strong>ore</strong></span> <span class='ocrx_word' id='word_1_128' title='bbox 2085 1896 2228 1958; x_wconf 89' lang='lat' dir='ltr'><strong>eius</strong></span> <span class='ocrx_word' id='word_1_129' title='bbox 2271 1896 2578 1958; x_wconf 89' lang='lat' dir='ltr'><strong>inventus</strong></span> <span class='ocrx_word' id='word_1_130' title='bbox 2629 1896 2732 1976; x_wconf 88' lang='lat' dir='ltr'><strong>sit,</strong></span> <span class='ocrx_word' id='word_1_131' title='bbox 2779 1913 3060 1978; x_wconf 87' lang='lat' dir='ltr'><strong>poenam</strong></span> 
     </span>
     <span class='ocr_line' id='line_1_15' title="bbox 702 1993 1714 2078; baseline 0.002 -21"><span class='ocrx_word' id='word_1_132' title='bbox 702 1999 969 2078; x_wconf 88' lang='lat' dir='ltr'><strong>propter</strong></span> <span class='ocrx_word' id='word_1_133' title='bbox 1012 2014 1093 2058; x_wconf 92' lang='lat' dir='ltr'><strong>ea</strong></span> <span class='ocrx_word' id='word_1_134' title='bbox 1140 1993 1471 2060; x_wconf 87' lang='lat' dir='ltr'><strong>decretam</strong></span> <span class='ocrx_word' id='word_1_135' title='bbox 1518 1995 1714 2060; x_wconf 90' lang='lat' dir='ltr'><strong>dedit.</strong></span> 
     </span>
    </p>

    <p class='ocr_par' dir='ltr' id='par_1_4' title="bbox 691 2095 3165 4430">
     <span class='ocr_line' id='line_1_16' title="bbox 790 2095 3161 2180; baseline 0.001 -20"><span class='ocrx_word' id='word_1_136' title='bbox 790 2095 993 2160; x_wconf 85' lang='lat' dir='ltr'><strong>Recte</strong></span> <span class='ocrx_word' id='word_1_137' title='bbox 1042 2097 1250 2180; x_wconf 84' lang='lat' dir='ltr'><strong>igitur</strong></span> <span class='ocrx_word' id='word_1_138' title='bbox 1292 2096 1450 2162; x_wconf 86' lang='lat' dir='ltr'><strong>hoc:</strong></span> <span class='ocrx_word' id='word_1_139' title='bbox 1507 2120 1542 2161; x_wconf 82' lang='grc'><strong>«</strong></span> <span class='ocrx_word' id='word_1_140' title='bbox 1574 2097 1878 2162; x_wconf 85' lang='lat' dir='ltr'><strong>Christus</strong></span> <span class='ocrx_word' id='word_1_141' title='bbox 1923 2096 2136 2162; x_wconf 84' lang='lat' dir='ltr'><strong>factus</strong></span> <span class='ocrx_word' id='word_1_142' title='bbox 2193 2104 2290 2163; x_wconf 91' lang='lat' dir='ltr'><strong>est</strong></span> <span class='ocrx_word' id='word_1_143' title='bbox 2321 2097 2772 2162; x_wconf 84' lang='lat' dir='ltr'><strong>*maledictum</strong></span> <span class='ocrx_word' id='word_1_144' title='bbox 2799 2119 2862 2180; x_wconf 73' lang='lat'><strong>2»,</strong></span> <span class='ocrx_word' id='word_1_145' title='bbox 2895 2101 3056 2162; x_wconf 89' lang='lat' dir='ltr'><strong>isto:</strong></span> <span class='ocrx_word' id='word_1_146' title='bbox 3113 2117 3161 2162; x_wconf 85' lang='lat'><strong>15</strong></span> 
     </span>
     <span class='ocr_line' id='line_1_17' title="bbox 706 2197 3056 2284; baseline 0.001 -22"><span class='ocrx_word' id='word_1_147' title='bbox 706 2221 741 2262; x_wconf 82' lang='grc'><strong>«</strong></span> <span class='ocrx_word' id='word_1_148' title='bbox 776 2197 989 2264; x_wconf 85' lang='lat' dir='ltr'><strong>factus</strong></span> <span class='ocrx_word' id='word_1_149' title='bbox 1032 2205 1131 2263; x_wconf 89' lang='lat' dir='ltr'><strong>est</strong></span> <span class='ocrx_word' id='word_1_150' title='bbox 1176 2218 1333 2264; x_wconf 91' lang='lat' dir='ltr'><strong>caro</strong></span> <span class='ocrx_word' id='word_1_151' title='bbox 1367 2221 1404 2263; x_wconf 80' lang='lat'><strong>»</strong></span> <span class='ocrx_word' id='word_1_152' title='bbox 1468 2202 2011 2284; x_wconf 84' lang='lat' dir='ltr'><strong>comparavimus.</strong></span> <span class='ocrx_word' id='word_1_153' title='bbox 2073 2200 2240 2264; x_wconf 90' lang='lat' dir='ltr'><strong>Nam</strong></span> <span class='ocrx_word' id='word_1_154' title='bbox 2301 2199 2858 2284; x_wconf 82' lang='lat' dir='ltr'><strong>quemadmodum,</strong></span> <span class='ocrx_word' id='word_1_155' title='bbox 2907 2219 3056 2264; x_wconf 88' lang='lat' dir='ltr'><strong>cum</strong></span> 
     </span>
     <span class='ocr_line' id='line_1_18' title="bbox 703 2300 3060 2386; baseline 0.001 -22"><span class='ocrx_word' id='word_1_156' title='bbox 703 2302 975 2385; x_wconf 88' lang='lat' dir='ltr'><strong>spiritus</strong></span> <span class='ocrx_word' id='word_1_157' title='bbox 1020 2306 1191 2366; x_wconf 89' lang='lat' dir='ltr'><strong>esset</strong></span> <span class='ocrx_word' id='word_1_158' title='bbox 1222 2300 1437 2366; x_wconf 87' lang='lat' dir='ltr'><strong>factus</strong></span> <span class='ocrx_word' id='word_1_159' title='bbox 1468 2307 1567 2366; x_wconf 91' lang='lat' dir='ltr'><strong>est</strong></span> <span class='ocrx_word' id='word_1_160' title='bbox 1598 2321 1776 2385; x_wconf 89' lang='lat' dir='ltr'><strong>caro,</strong></span> <span class='ocrx_word' id='word_1_161' title='bbox 1809 2321 1932 2367; x_wconf 91' lang='lat' dir='ltr'><strong>nec</strong></span> <span class='ocrx_word' id='word_1_162' title='bbox 1965 2307 2250 2368; x_wconf 88' lang='lat' dir='ltr'><strong>mutatus</strong></span> <span class='ocrx_word' id='word_1_163' title='bbox 2295 2308 2394 2368; x_wconf 88' lang='lat' dir='ltr'><strong>est</strong></span> <span class='ocrx_word' id='word_1_164' title='bbox 2441 2303 2525 2366; x_wconf 92' lang='lat' dir='ltr'><strong>ab</strong></span> <span class='ocrx_word' id='word_1_165' title='bbox 2571 2323 2650 2366; x_wconf 93' lang='lat' dir='ltr'><strong>eo</strong></span> <span class='ocrx_word' id='word_1_166' title='bbox 2697 2302 2863 2386; x_wconf 89' lang='lat' dir='ltr'><strong>quod</strong></span> <span class='ocrx_word' id='word_1_167' title='bbox 2911 2308 3060 2366; x_wconf 89' lang='lat' dir='ltr'><strong>erat</strong></span> 
     </span>
     <span class='ocr_line' id='line_1_19' title="bbox 702 2405 3058 2488; baseline 0 -20"><span class='ocrx_word' id='word_1_168' title='bbox 702 2406 1001 2488; x_wconf 87' lang='lat' dir='ltr'><strong>spiritus;</strong></span> <span class='ocrx_word' id='word_1_169' title='bbox 1049 2407 1145 2468; x_wconf 90' lang='lat' dir='ltr'><strong>ita</strong></span> <span class='ocrx_word' id='word_1_170' title='bbox 1184 2410 1249 2468; x_wconf 92' lang='lat' dir='ltr'><strong>et</strong></span> <span class='ocrx_word' id='word_1_171' title='bbox 1282 2423 1429 2468; x_wconf 87' lang='lat' dir='ltr'><strong>cum</strong></span> <span class='ocrx_word' id='word_1_172' title='bbox 1460 2410 1937 2488; x_wconf 84' lang='lat' dir='ltr'><strong>agnosceretur</strong></span> <span class='ocrx_word' id='word_1_173' title='bbox 1965 2407 2200 2469; x_wconf 85' lang='lat' dir='ltr'><strong>vivens</strong></span> <span class='ocrx_word' id='word_1_174' title='bbox 2227 2410 2294 2469; x_wconf 90' lang='lat' dir='ltr'><strong>et</strong></span> <span class='ocrx_word' id='word_1_175' title='bbox 2337 2405 2746 2486; x_wconf 88' lang='lat' dir='ltr'><strong>immortalis,</strong></span> <span class='ocrx_word' id='word_1_176' title='bbox 2777 2411 3058 2470; x_wconf 85' lang='lat' dir='ltr'><strong>mortem</strong></span> 
     </span>
     <span class='ocr_line' id='line_1_20' title="bbox 702 2505 3054 2592; baseline 0 -22"><span class='ocrx_word' id='word_1_177' title='bbox 702 2507 918 2589; x_wconf 90' lang='lat' dir='ltr'><strong>subiit,</strong></span> <span class='ocrx_word' id='word_1_178' title='bbox 966 2525 1088 2571; x_wconf 89' lang='lat' dir='ltr'><strong>nec</strong></span> <span class='ocrx_word' id='word_1_179' title='bbox 1132 2505 1593 2570; x_wconf 86' lang='lat' dir='ltr'><strong>immortalitas</strong></span> <span class='ocrx_word' id='word_1_180' title='bbox 1638 2509 1781 2570; x_wconf 89' lang='lat' dir='ltr'><strong>eius</strong></span> <span class='ocrx_word' id='word_1_181' title='bbox 1812 2526 1932 2591; x_wconf 89' lang='lat' dir='ltr'><strong>per</strong></span> <span class='ocrx_word' id='word_1_182' title='bbox 1975 2513 2254 2572; x_wconf 86' lang='lat' dir='ltr'><strong>mortem</strong></span> <span class='ocrx_word' id='word_1_183' title='bbox 2306 2512 2556 2572; x_wconf 88' lang='lat' dir='ltr'><strong>mutata</strong></span> <span class='ocrx_word' id='word_1_184' title='bbox 2609 2513 2724 2572; x_wconf 88' lang='lat' dir='ltr'><strong>est.</strong></span> <span class='ocrx_word' id='word_1_185' title='bbox 2771 2507 3054 2592; x_wconf 86' lang='lat' dir='ltr'><strong>Etenim,</strong></span> 
     </span>
     <span class='ocr_line' id='line_1_21' title="bbox 700 2607 3160 2693; baseline 0.002 -21"><span class='ocrx_word' id='word_1_186' title='bbox 700 2611 867 2672; x_wconf 82' lang='lat' dir='ltr'><strong>sicut</strong></span> <span class='ocrx_word' id='word_1_187' title='bbox 897 2611 1157 2693; x_wconf 87' lang='lat' dir='ltr'><strong>saepius</strong></span> <span class='ocrx_word' id='word_1_188' title='bbox 1186 2607 1488 2689; x_wconf 76' lang='lat' dir='ltr'><strong>diximuS,</strong></span> <span class='ocrx_word' id='word_1_189' title='bbox 1514 2608 1864 2692; x_wconf 89' lang='lat' dir='ltr'><strong>Apostolus</strong></span> <span class='ocrx_word' id='word_1_190' title='bbox 1893 2608 2050 2674; x_wconf 86' lang='lat' dir='ltr'><strong>boc:</strong></span> <span class='ocrx_word' id='word_1_191' title='bbox 2090 2631 2126 2672; x_wconf 82' lang='grc'><strong>«</strong></span> <span class='ocrx_word' id='word_1_192' title='bbox 2159 2608 2460 2674; x_wconf 86' lang='lat' dir='ltr'><strong>Christus</strong></span> <span class='ocrx_word' id='word_1_193' title='bbox 2483 2608 2696 2674; x_wconf 86' lang='lat' dir='ltr'><strong>factus</strong></span> <span class='ocrx_word' id='word_1_194' title='bbox 2725 2614 2824 2674; x_wconf 88' lang='lat' dir='ltr'><strong>est</strong></span> <span class='ocrx_word' id='word_1_195' title='bbox 2851 2609 3057 2672; x_wconf 90' lang='lat' dir='ltr'><strong>male·</strong></span> <span class='ocrx_word' id='word_1_196' title='bbox 3108 2634 3160 2678; x_wconf 77' lang='lat'><strong>²0</strong></span> 
     </span>
     <span class='ocr_line' id='line_1_22' title="bbox 699 2710 3052 2798; baseline 0 -23"><span class='ocrx_word' id='word_1_197' title='bbox 699 2710 941 2776; x_wconf 88' lang='lat' dir='ltr'><strong>dictum</strong></span> <span class='ocrx_word' id='word_1_198' title='bbox 976 2733 1012 2776; x_wconf 83' lang='lat'><strong>&gt;›</strong></span> <span class='ocrx_word' id='word_1_199' title='bbox 1048 2731 1166 2797; x_wconf 92' lang='lat' dir='ltr'><strong>pro</strong></span> <span class='ocrx_word' id='word_1_200' title='bbox 1198 2711 1346 2776; x_wconf 88' lang='lat' dir='ltr'><strong>illo:</strong></span> <span class='ocrx_word' id='word_1_201' title='bbox 1401 2734 1437 2775; x_wconf 82' lang='grc'><strong>«</strong></span> <span class='ocrx_word' id='word_1_202' title='bbox 1457 2710 1814 2777; x_wconf 85' lang='lat' dir='ltr'><strong>crucifixus</strong></span> <span class='ocrx_word' id='word_1_203' title='bbox 1841 2717 1942 2776; x_wconf 88' lang='lat' dir='ltr'><strong>est</strong></span> <span class='ocrx_word' id='word_1_204' title='bbox 1965 2718 2030 2776; x_wconf 93' lang='lat' dir='ltr'><strong>et</strong></span> <span class='ocrx_word' id='word_1_205' title='bbox 2061 2732 2288 2798; x_wconf 89' lang='lat' dir='ltr'><strong>passus</strong></span> <span class='ocrx_word' id='word_1_206' title='bbox 2318 2719 2385 2777; x_wconf 92' lang='lat' dir='ltr'><strong>et</strong></span> <span class='ocrx_word' id='word_1_207' title='bbox 2415 2717 2710 2778; x_wconf 90' lang='lat' dir='ltr'><strong>mortuus</strong></span> <span class='ocrx_word' id='word_1_208' title='bbox 2736 2733 2771 2775; x_wconf 87' lang='lat'><strong>»</strong></span> <span class='ocrx_word' id='word_1_209' title='bbox 2806 2715 3052 2796; x_wconf 88' lang='lat' dir='ltr'><strong>posuit;</strong></span> 
     </span>
     <span class='ocr_line' id='line_1_23' title="bbox 698 2814 3054 2880; baseline 0 -1"><span class='ocrx_word' id='word_1_210' title='bbox 698 2834 832 2879; x_wconf 88' lang='lat' dir='ltr'><strong>non</strong></span> <span class='ocrx_word' id='word_1_211' title='bbox 891 2821 1109 2879; x_wconf 89' lang='lat' dir='ltr'><strong>autem</strong></span> <span class='ocrx_word' id='word_1_212' title='bbox 1170 2825 1242 2879; x_wconf 89' lang='lat' dir='ltr'><strong>ut</strong></span> <span class='ocrx_word' id='word_1_213' title='bbox 1289 2814 1661 2880; x_wconf 88' lang='lat' dir='ltr'><strong>ostenderet</strong></span> <span class='ocrx_word' id='word_1_214' title='bbox 1721 2835 1870 2878; x_wconf 91' lang='lat' dir='ltr'><strong>eum</strong></span> <span class='ocrx_word' id='word_1_215' title='bbox 1939 2821 2150 2880; x_wconf 86' lang='lat' dir='ltr'><strong>morte</strong></span> <span class='ocrx_word' id='word_1_216' title='bbox 2211 2815 2490 2880; x_wconf 87' lang='lat' dir='ltr'><strong>aliorum</strong></span> <span class='ocrx_word' id='word_1_217' title='bbox 2553 2814 2866 2880; x_wconf 86' lang='lat' dir='ltr'><strong>afflictum</strong></span> <span class='ocrx_word' id='word_1_218' title='bbox 2909 2833 3054 2880; x_wconf 89' lang='lat' dir='ltr'><strong>esse</strong></span> 
     </span>
     <span class='ocr_line' id='line_1_24' title="bbox 698 2916 3057 3002; baseline -0.001 -20"><span class='ocrx_word' id='word_1_219' title='bbox 698 2917 814 2982; x_wconf 88' lang='lat' dir='ltr'><strong>sed</strong></span> <span class='ocrx_word' id='word_1_220' title='bbox 845 2936 979 2982; x_wconf 90' lang='lat' dir='ltr'><strong>non</strong></span> <span class='ocrx_word' id='word_1_221' title='bbox 1010 2923 1335 2982; x_wconf 91' lang='lat' dir='ltr'><strong>mortuum</strong></span> <span class='ocrx_word' id='word_1_222' title='bbox 1370 2937 1529 2982; x_wconf 88' lang='lat' dir='ltr'><strong>esse.</strong></span> <span class='ocrx_word' id='word_1_223' title='bbox 1562 2918 1647 2981; x_wconf 91' lang='lat' dir='ltr'><strong>Et</strong></span> <span class='ocrx_word' id='word_1_224' title='bbox 1677 2919 1735 2982; x_wconf 89' lang='lat' dir='ltr'><strong>si</strong></span> <span class='ocrx_word' id='word_1_225' title='bbox 1759 2916 2018 3001; x_wconf 88' lang='lat' dir='ltr'><strong>quidam</strong></span> <span class='ocrx_word' id='word_1_226' title='bbox 2043 2937 2078 2982; x_wconf 92' lang='lat' dir='ltr'><strong>e</strong></span> <span class='ocrx_word' id='word_1_227' title='bbox 2103 2918 2412 2983; x_wconf 87' lang='lat' dir='ltr'><strong>Patribus</strong></span> <span class='ocrx_word' id='word_1_228' title='bbox 2441 2937 2560 3002; x_wconf 91' lang='lat' dir='ltr'><strong>pro</strong></span> <span class='ocrx_word' id='word_1_229' title='bbox 2589 2916 2748 2981; x_wconf 83' lang='lat' dir='ltr'><strong>hoc:</strong></span> <span class='ocrx_word' id='word_1_230' title='bbox 2801 2937 2838 2980; x_wconf 83' lang='lat'>‹</span> <span class='ocrx_word' id='word_1_231' title='bbox 2861 2916 3057 2981; x_wconf 91' lang='lat' dir='ltr'><strong>Chri-</strong></span> 
     </span>
     <span class='ocr_line' id='line_1_25' title="bbox 698 3018 3054 3103; baseline 0 -20"><span class='ocrx_word' id='word_1_232' title='bbox 698 3025 835 3083; x_wconf 87' lang='lat' dir='ltr'><strong>stus</strong></span> <span class='ocrx_word' id='word_1_233' title='bbox 865 3018 1077 3083; x_wconf 86' lang='lat' dir='ltr'><strong>faotus</strong></span> <span class='ocrx_word' id='word_1_234' title='bbox 1109 3025 1209 3084; x_wconf 89' lang='lat' dir='ltr'><strong>est</strong></span> <span class='ocrx_word' id='word_1_235' title='bbox 1237 3039 1394 3084; x_wconf 91' lang='lat' dir='ltr'><strong>caro</strong></span> <span class='ocrx_word' id='word_1_236' title='bbox 1434 3045 1495 3102; x_wconf 64' lang='grc' dir='ltr'><strong>ι,</strong></span> <span class='ocrx_word' id='word_1_237' title='bbox 1542 3024 1615 3082; x_wconf 90' lang='lat' dir='ltr'><strong>ut</strong></span> <span class='ocrx_word' id='word_1_238' title='bbox 1646 3019 2016 3103; x_wconf 85' lang='lat' dir='ltr'><strong>exemplum</strong></span> <span class='ocrx_word' id='word_1_239' title='bbox 2049 3019 2488 3084; x_wconf 88' lang='lat' dir='ltr'><strong>adhibuerunt</strong></span> <span class='ocrx_word' id='word_1_240' title='bbox 2533 3019 2733 3085; x_wconf 88' lang='lat' dir='ltr'><strong>illud:</strong></span> <span class='ocrx_word' id='word_1_241' title='bbox 2773 3041 2810 3084; x_wconf 83' lang='grc'><strong>«</strong></span> <span class='ocrx_word' id='word_1_242' title='bbox 2841 3019 3054 3085; x_wconf 86' lang='lat' dir='ltr'><strong>factus</strong></span> 
     </span>
     <span class='ocr_line' id='line_1_26' title="bbox 697 3119 3159 3204; baseline 0.001 -20"><span class='ocrx_word' id='word_1_243' title='bbox 697 3126 798 3184; x_wconf 90' lang='lat' dir='ltr'><strong>est</strong></span> <span class='ocrx_word' id='word_1_244' title='bbox 843 3139 963 3204; x_wconf 91' lang='lat' dir='ltr'><strong>pro</strong></span> <span class='ocrx_word' id='word_1_245' title='bbox 993 3120 1185 3184; x_wconf 90' lang='lat' dir='ltr'><strong>nobis</strong></span> <span class='ocrx_word' id='word_1_246' title='bbox 1215 3119 1633 3185; x_wconf 89' lang='lat' dir='ltr'><strong>maledictum</strong></span> <span class='ocrx_word' id='word_1_247' title='bbox 1660 3141 1721 3202; x_wconf 78' lang='grc'><strong>»,</strong></span> <span class='ocrx_word' id='word_1_248' title='bbox 1769 3120 1870 3184; x_wconf 81' lang='lat' dir='ltr'><strong>ita</strong></span> <span class='ocrx_word' id='word_1_249' title='bbox 1898 3119 2225 3202; x_wconf 80' lang='lat' dir='ltr'><strong>fecerunt</strong></span> <span class='ocrx_word' id='word_1_250' title='bbox 2251 3139 2385 3184; x_wconf 88' lang='lat' dir='ltr'><strong>non</strong></span> <span class='ocrx_word' id='word_1_251' title='bbox 2417 3126 2490 3184; x_wconf 88' lang='lat' dir='ltr'><strong>ut</strong></span> <span class='ocrx_word' id='word_1_252' title='bbox 2521 3121 2876 3204; x_wconf 87' lang='lat' dir='ltr'><strong>probarent</strong></span> <span class='ocrx_word' id='word_1_253' title='bbox 2905 3139 3054 3184; x_wconf 89' lang='lat' dir='ltr'><strong>eum</strong></span> <span class='ocrx_word' id='word_1_254' title='bbox 3106 3141 3159 3187; x_wconf 71' lang='lat'><strong>25</strong></span> 
     </span>
     <span class='ocr_line' id='line_1_27' title="bbox 700 3220 3056 3306; baseline 0 -21"><span class='ocrx_word' id='word_1_255' title='bbox 700 3241 833 3286; x_wconf 86' lang='lat' dir='ltr'><strong>non</strong></span> <span class='ocrx_word' id='word_1_256' title='bbox 878 3220 1125 3286; x_wconf 86' lang='lat' dir='ltr'><strong>factum</strong></span> <span class='ocrx_word' id='word_1_257' title='bbox 1170 3241 1313 3286; x_wconf 88' lang='lat' dir='ltr'><strong>esse</strong></span> <span class='ocrx_word' id='word_1_258' title='bbox 1361 3241 1649 3304; x_wconf 86' lang='lat' dir='ltr'><strong>earnem,</strong></span> <span class='ocrx_word' id='word_1_259' title='bbox 1698 3221 1815 3286; x_wconf 88' lang='lat' dir='ltr'><strong>sed</strong></span> <span class='ocrx_word' id='word_1_260' title='bbox 1862 3227 1931 3285; x_wconf 91' lang='lat' dir='ltr'><strong>ut</strong></span> <span class='ocrx_word' id='word_1_261' title='bbox 1971 3221 2284 3287; x_wconf 89' lang='lat' dir='ltr'><strong>docerent</strong></span> <span class='ocrx_word' id='word_1_262' title='bbox 2315 3223 2482 3306; x_wconf 82' lang='lat' dir='ltr'><strong>eum,</strong></span> <span class='ocrx_word' id='word_1_263' title='bbox 2517 3226 2814 3306; x_wconf 90' lang='lat' dir='ltr'><strong>quamvis</strong></span> <span class='ocrx_word' id='word_1_264' title='bbox 2843 3222 3056 3288; x_wconf 86' lang='lat' dir='ltr'><strong>factus</strong></span> 
     </span>
     <span class='ocr_line' id='line_1_28' title="bbox 699 3323 3056 3408; baseline 0 -21"><span class='ocrx_word' id='word_1_265' title='bbox 699 3326 803 3405; x_wconf 90' lang='lat' dir='ltr'><strong>sit,</strong></span> <span class='ocrx_word' id='word_1_266' title='bbox 850 3343 983 3388; x_wconf 91' lang='lat' dir='ltr'><strong>non</strong></span> <span class='ocrx_word' id='word_1_267' title='bbox 1029 3328 1349 3387; x_wconf 91' lang='lat' dir='ltr'><strong>mutatum</strong></span> <span class='ocrx_word' id='word_1_268' title='bbox 1396 3343 1572 3388; x_wconf 87' lang='lat' dir='ltr'><strong>esse:</strong></span> <span class='ocrx_word' id='word_1_269' title='bbox 1624 3326 1764 3388; x_wconf 91' lang='lat' dir='ltr'><strong>sive</strong></span> <span class='ocrx_word' id='word_1_270' title='bbox 1797 3324 1881 3387; x_wconf 90' lang='lat' dir='ltr'><strong>ab</strong></span> <span class='ocrx_word' id='word_1_271' title='bbox 1918 3343 1996 3388; x_wconf 91' lang='lat' dir='ltr'><strong>eo</strong></span> <span class='ocrx_word' id='word_1_272' title='bbox 2029 3323 2196 3408; x_wconf 93' lang='lat' dir='ltr'><strong>quod</strong></span> <span class='ocrx_word' id='word_1_273' title='bbox 2229 3326 2496 3408; x_wconf 82' lang='lat' dir='ltr'><strong>spiritus</strong></span> <span class='ocrx_word' id='word_1_274' title='bbox 2525 3330 2642 3406; x_wconf 90' lang='lat' dir='ltr'><strong>est,</strong></span> <span class='ocrx_word' id='word_1_275' title='bbox 2683 3325 2796 3388; x_wconf 90' lang='lat' dir='ltr'><strong>ubi</strong></span> <span class='ocrx_word' id='word_1_276' title='bbox 2843 3324 3056 3389; x_wconf 88' lang='lat' dir='ltr'><strong>factus</strong></span> 
     </span>
     <span class='ocr_line' id='line_1_29' title="bbox 696 3425 3056 3510; baseline -0 -20"><span class='ocrx_word' id='word_1_277' title='bbox 696 3432 795 3490; x_wconf 90' lang='lat' dir='ltr'><strong>est</strong></span> <span class='ocrx_word' id='word_1_278' title='bbox 841 3446 1017 3509; x_wconf 88' lang='lat' dir='ltr'><strong>caro,</strong></span> <span class='ocrx_word' id='word_1_279' title='bbox 1075 3429 1215 3490; x_wconf 90' lang='lat' dir='ltr'><strong>sive</strong></span> <span class='ocrx_word' id='word_1_280' title='bbox 1264 3426 1348 3490; x_wconf 93' lang='lat' dir='ltr'><strong>ab</strong></span> <span class='ocrx_word' id='word_1_281' title='bbox 1396 3446 1477 3491; x_wconf 91' lang='lat' dir='ltr'><strong>eo</strong></span> <span class='ocrx_word' id='word_1_282' title='bbox 1523 3425 1689 3510; x_wconf 92' lang='lat' dir='ltr'><strong>quod</strong></span> <span class='ocrx_word' id='word_1_283' title='bbox 1735 3427 2158 3510; x_wconf 89' lang='lat' dir='ltr'><strong>impassibilis</strong></span> <span class='ocrx_word' id='word_1_284' title='bbox 2219 3433 2316 3491; x_wconf 88' lang='lat' dir='ltr'><strong>est</strong></span> <span class='ocrx_word' id='word_1_285' title='bbox 2363 3432 2430 3490; x_wconf 92' lang='lat' dir='ltr'><strong>et</strong></span> <span class='ocrx_word' id='word_1_286' title='bbox 2482 3427 2896 3510; x_wconf 76' lang='lat' dir='ltr'><strong>immortaliS,</strong></span> <span class='ocrx_word' id='word_1_287' title='bbox 2942 3427 3056 3490; x_wconf 90' lang='lat' dir='ltr'><strong>ubi</strong></span> 
     </span>
     <span class='ocr_line' id='line_1_30' title="bbox 697 3527 3049 3612; baseline 0 -20"><span class='ocrx_word' id='word_1_288' title='bbox 697 3528 1112 3593; x_wconf 88' lang='lat' dir='ltr'><strong>maledictum</strong></span> <span class='ocrx_word' id='word_1_289' title='bbox 1158 3527 1371 3593; x_wconf 85' lang='lat' dir='ltr'><strong>factus</strong></span> <span class='ocrx_word' id='word_1_290' title='bbox 1417 3534 1534 3609; x_wconf 90' lang='lat' dir='ltr'><strong>est,</strong></span> <span class='ocrx_word' id='word_1_291' title='bbox 1568 3527 1635 3592; x_wconf 93' lang='lat' dir='ltr'><strong>id</strong></span> <span class='ocrx_word' id='word_1_292' title='bbox 1682 3533 1799 3611; x_wconf 89' lang='lat' dir='ltr'><strong>est,</strong></span> <span class='ocrx_word' id='word_1_293' title='bbox 1835 3528 1946 3592; x_wconf 89' lang='lat' dir='ltr'><strong>ubi</strong></span> <span class='ocrx_word' id='word_1_294' title='bbox 1993 3531 2362 3612; x_wconf 87' lang='lat' dir='ltr'><strong>passionem</strong></span> <span class='ocrx_word' id='word_1_295' title='bbox 2408 3534 2473 3593; x_wconf 90' lang='lat' dir='ltr'><strong>et</strong></span> <span class='ocrx_word' id='word_1_296' title='bbox 2517 3533 2794 3593; x_wconf 85' lang='lat' dir='ltr'><strong>mortem</strong></span> <span class='ocrx_word' id='word_1_297' title='bbox 2833 3529 3049 3593; x_wconf 89' lang='lat' dir='ltr'><strong>subiit.</strong></span> 
     </span>
     <span class='ocr_line' id='line_1_31' title="bbox 698 3629 3158 3716; baseline 0.002 -24"><span class='ocrx_word' id='word_1_298' title='bbox 698 3629 815 3694; x_wconf 91' lang='lat' dir='ltr'><strong>His</strong></span> <span class='ocrx_word' id='word_1_299' title='bbox 844 3630 1067 3694; x_wconf 88' lang='lat' dir='ltr'><strong>verbis</strong></span> <span class='ocrx_word' id='word_1_300' title='bbox 1099 3633 1203 3694; x_wconf 84' lang='lat' dir='ltr'><strong>usi</strong></span> <span class='ocrx_word' id='word_1_301' title='bbox 1234 3636 1385 3694; x_wconf 88' lang='lat' dir='ltr'><strong>sunt</strong></span> <span class='ocrx_word' id='word_1_302' title='bbox 1414 3650 1545 3696; x_wconf 91' lang='lat' dir='ltr'><strong>non</strong></span> <span class='ocrx_word' id='word_1_303' title='bbox 1578 3636 1647 3694; x_wconf 89' lang='lat' dir='ltr'><strong>ut</strong></span> <span class='ocrx_word' id='word_1_304' title='bbox 1679 3631 2038 3715; x_wconf 87' lang='lat' dir='ltr'><strong>probarent</strong></span> <span class='ocrx_word' id='word_1_305' title='bbox 2067 3651 2216 3694; x_wconf 90' lang='lat' dir='ltr'><strong>eum</strong></span> <span class='ocrx_word' id='word_1_306' title='bbox 2249 3634 2596 3716; x_wconf 86' lang='lat' dir='ltr'><strong>sumpsisse</strong></span> <span class='ocrx_word' id='word_1_307' title='bbox 2621 3651 2889 3696; x_wconf 87' lang='lat' dir='ltr'><strong>carnem</strong></span> <span class='ocrx_word' id='word_1_308' title='bbox 2919 3650 3054 3696; x_wconf 92' lang='lat' dir='ltr'><strong>non</strong></span> <span class='ocrx_word' id='word_1_309' title='bbox 3104 3652 3158 3698; x_wconf 82' lang='lat' dir='ltr'><strong>so</strong></span> 
     </span>
     <span class='ocr_line' id='line_1_32' title="bbox 696 3731 3054 3816; baseline 0 -21"><span class='ocrx_word' id='word_1_310' title='bbox 696 3736 917 3796; x_wconf 91' lang='lat' dir='ltr'><strong>autem</strong></span> <span class='ocrx_word' id='word_1_311' title='bbox 949 3751 1219 3796; x_wconf 85' lang='lat' dir='ltr'><strong>carnem</strong></span> <span class='ocrx_word' id='word_1_312' title='bbox 1249 3731 1493 3796; x_wconf 86' lang='lat' dir='ltr'><strong>factum</strong></span> <span class='ocrx_word' id='word_1_313' title='bbox 1525 3753 1686 3815; x_wconf 88' lang='lat' dir='ltr'><strong>esse,</strong></span> <span class='ocrx_word' id='word_1_314' title='bbox 1723 3731 1836 3796; x_wconf 89' lang='lat' dir='ltr'><strong>sed</strong></span> <span class='ocrx_word' id='word_1_315' title='bbox 1868 3737 1939 3795; x_wconf 94' lang='lat' dir='ltr'><strong>ut</strong></span> <span class='ocrx_word' id='word_1_316' title='bbox 1971 3732 2388 3798; x_wconf 87' lang='lat' dir='ltr'><strong>ostenderent</strong></span> <span class='ocrx_word' id='word_1_317' title='bbox 2441 3753 2609 3816; x_wconf 90' lang='lat' dir='ltr'><strong>eum,</strong></span> <span class='ocrx_word' id='word_1_318' title='bbox 2657 3753 2804 3798; x_wconf 88' lang='lat' dir='ltr'><strong>cum</strong></span> <span class='ocrx_word' id='word_1_319' title='bbox 2843 3732 3054 3798; x_wconf 86' lang='lat' dir='ltr'><strong>factus</strong></span> 
     </span>
     <span class='ocr_line' id='line_1_33' title="bbox 696 3833 3052 3918; baseline 0 -21"><span class='ocrx_word' id='word_1_320' title='bbox 696 3839 816 3915; x_wconf 90' lang='lat' dir='ltr'><strong>est,</strong></span> <span class='ocrx_word' id='word_1_321' title='bbox 864 3853 995 3898; x_wconf 89' lang='lat' dir='ltr'><strong>non</strong></span> <span class='ocrx_word' id='word_1_322' title='bbox 1042 3833 1383 3917; x_wconf 87' lang='lat' dir='ltr'><strong>reliquisse</strong></span> <span class='ocrx_word' id='word_1_323' title='bbox 1430 3833 1498 3898; x_wconf 92' lang='lat' dir='ltr'><strong>id</strong></span> <span class='ocrx_word' id='word_1_324' title='bbox 1544 3833 1714 3918; x_wconf 91' lang='lat' dir='ltr'><strong>quod</strong></span> <span class='ocrx_word' id='word_1_325' title='bbox 1761 3840 1926 3916; x_wconf 89' lang='lat' dir='ltr'><strong>erat,</strong></span> <span class='ocrx_word' id='word_1_326' title='bbox 1975 3837 2117 3898; x_wconf 88' lang='lat' dir='ltr'><strong>sive</strong></span> <span class='ocrx_word' id='word_1_327' title='bbox 2147 3835 2262 3898; x_wconf 92' lang='lat' dir='ltr'><strong>ubi</strong></span> <span class='ocrx_word' id='word_1_328' title='bbox 2304 3833 2518 3900; x_wconf 86' lang='lat' dir='ltr'><strong>factus</strong></span> <span class='ocrx_word' id='word_1_329' title='bbox 2563 3840 2663 3899; x_wconf 88' lang='lat' dir='ltr'><strong>est</strong></span> <span class='ocrx_word' id='word_1_330' title='bbox 2707 3854 2866 3899; x_wconf 84' lang='lat' dir='ltr'><strong>caro</strong></span> <span class='ocrx_word' id='word_1_331' title='bbox 2911 3837 3052 3898; x_wconf 91' lang='lat' dir='ltr'><strong>sive</strong></span> 
     </span>
     <span class='ocr_line' id='line_1_34' title="bbox 695 3935 3054 4022; baseline 0 -23"><span class='ocrx_word' id='word_1_332' title='bbox 695 3937 807 4000; x_wconf 91' lang='lat' dir='ltr'><strong>ubi</strong></span> <span class='ocrx_word' id='word_1_333' title='bbox 853 3935 1066 4001; x_wconf 87' lang='lat' dir='ltr'><strong>factus</strong></span> <span class='ocrx_word' id='word_1_334' title='bbox 1098 3941 1196 4000; x_wconf 88' lang='lat' dir='ltr'><strong>est</strong></span> <span class='ocrx_word' id='word_1_335' title='bbox 1240 3935 1677 4001; x_wconf 86' lang='lat' dir='ltr'><strong>maledictum.</strong></span> <span class='ocrx_word' id='word_1_336' title='bbox 1714 3937 1838 4001; x_wconf 87' lang='lat' dir='ltr'><strong>Ubi</strong></span> <span class='ocrx_word' id='word_1_337' title='bbox 1870 3939 2046 4000; x_wconf 84' lang='lat' dir='ltr'><strong>enim</strong></span> <span class='ocrx_word' id='word_1_338' title='bbox 2077 3936 2289 4002; x_wconf 88' lang='lat' dir='ltr'><strong>factus</strong></span> <span class='ocrx_word' id='word_1_339' title='bbox 2319 3943 2418 4002; x_wconf 89' lang='lat' dir='ltr'><strong>est</strong></span> <span class='ocrx_word' id='word_1_340' title='bbox 2449 3936 2662 4019; x_wconf 87' lang='lat' dir='ltr'><strong>bom0‚</strong></span> <span class='ocrx_word' id='word_1_341' title='bbox 2697 3941 2876 4022; x_wconf 88' lang='lat' dir='ltr'><strong>patet</strong></span> <span class='ocrx_word' id='word_1_342' title='bbox 2905 3957 3054 4000; x_wconf 91' lang='lat' dir='ltr'><strong>eum</strong></span> 
     </span>
     <span class='ocr_line' id='line_1_35' title="bbox 696 4039 3055 4124; baseline 0 -22"><span class='ocrx_word' id='word_1_343' title='bbox 696 4041 1011 4102; x_wconf 88' lang='lat' dir='ltr'><strong>mansisse</strong></span> <span class='ocrx_word' id='word_1_344' title='bbox 1060 4039 1295 4114; x_wconf 81' lang='lat' dir='ltr'><strong>Deum3</strong></span> <span class='ocrx_word' id='word_1_345' title='bbox 1348 4043 1413 4102; x_wconf 88' lang='lat' dir='ltr'><strong>et</strong></span> <span class='ocrx_word' id='word_1_346' title='bbox 1461 4039 1572 4103; x_wconf 91' lang='lat' dir='ltr'><strong>ubi</strong></span> <span class='ocrx_word' id='word_1_347' title='bbox 1606 4041 1860 4104; x_wconf 89' lang='lat' dir='ltr'><strong>occisus</strong></span> <span class='ocrx_word' id='word_1_348' title='bbox 1905 4044 2004 4102; x_wconf 89' lang='lat' dir='ltr'><strong>est</strong></span> <span class='ocrx_word' id='word_1_349' title='bbox 2035 4044 2100 4103; x_wconf 94' lang='lat' dir='ltr'><strong>et</strong></span> <span class='ocrx_word' id='word_1_350' title='bbox 2149 4039 2454 4124; x_wconf 78' lang='lat' dir='ltr'><strong>sepultuS,</strong></span> <span class='ocrx_word' id='word_1_351' title='bbox 2487 4041 2679 4103; x_wconf 88' lang='lat' dir='ltr'><strong>vivus</strong></span> <span class='ocrx_word' id='word_1_352' title='bbox 2710 4041 3055 4122; x_wconf 87' lang='lat' dir='ltr'><strong>omniaque</strong></span> 
     </span>
     <span class='ocr_line' id='line_1_36' title="bbox 695 4139 3165 4225; baseline 0.001 -21"><span class='ocrx_word' id='word_1_353' title='bbox 695 4140 973 4224; x_wconf 88' lang='lat' dir='ltr'><strong>implens</strong></span> <span class='ocrx_word' id='word_1_354' title='bbox 1017 4143 1274 4205; x_wconf 89' lang='lat' dir='ltr'><strong>mansit.</strong></span> <span class='ocrx_word' id='word_1_355' title='bbox 1324 4140 1405 4204; x_wconf 89' lang='lat' dir='ltr'><strong>Et</strong></span> <span class='ocrx_word' id='word_1_356' title='bbox 1438 4139 1998 4225; x_wconf 82' lang='lat' dir='ltr'><strong>quemadmodum,</strong></span> <span class='ocrx_word' id='word_1_357' title='bbox 2047 4160 2194 4205; x_wconf 88' lang='lat' dir='ltr'><strong>cum</strong></span> <span class='ocrx_word' id='word_1_358' title='bbox 2239 4139 2454 4206; x_wconf 84' lang='lat' dir='ltr'><strong>factus</strong></span> <span class='ocrx_word' id='word_1_359' title='bbox 2487 4147 2584 4206; x_wconf 90' lang='lat' dir='ltr'><strong>est</strong></span> <span class='ocrx_word' id='word_1_360' title='bbox 2613 4141 3052 4225; x_wconf 88' lang='lat' dir='ltr'><strong>maledictum,</strong></span> <span class='ocrx_word' id='word_1_361' title='bbox 3107 4169 3165 4215; x_wconf 80' lang='lat'><strong>35</strong></span> 
     </span>
     <span class='ocr_line' id='line_1_37' title="bbox 691 4242 3054 4334; baseline 0.001 -28"><span class='ocrx_word' id='word_1_362' title='bbox 691 4242 763 4334; x_wconf 84' lang='lat' dir='ltr'><strong>id</strong></span> <span class='ocrx_word' id='word_1_363' title='bbox 794 4249 909 4325; x_wconf 89' lang='lat' dir='ltr'><strong>est,</strong></span> <span class='ocrx_word' id='word_1_364' title='bbox 946 4247 1280 4326; x_wconf 88' lang='lat' dir='ltr'><strong>passiones</strong></span> <span class='ocrx_word' id='word_1_365' title='bbox 1310 4249 1375 4308; x_wconf 89' lang='lat' dir='ltr'><strong>et</strong></span> <span class='ocrx_word' id='word_1_366' title='bbox 1406 4250 1681 4308; x_wconf 89' lang='lat' dir='ltr'><strong>mortem</strong></span> <span class='ocrx_word' id='word_1_367' title='bbox 1726 4244 1942 4326; x_wconf 88' lang='lat' dir='ltr'><strong>subiit,</strong></span> <span class='ocrx_word' id='word_1_368' title='bbox 1977 4247 2114 4328; x_wconf 90' lang='lat' dir='ltr'><strong>ipse</strong></span> <span class='ocrx_word' id='word_1_369' title='bbox 2149 4244 2584 4329; x_wconf 88' lang='lat' dir='ltr'><strong>personaliter</strong></span> <span class='ocrx_word' id='word_1_370' title='bbox 2627 4247 3054 4329; x_wconf 82' lang='lat' dir='ltr'><strong>ea&#39;expertus</strong></span> 
     </span>
     <span class='ocr_line' id='line_1_38' title="bbox 694 4345 3054 4430; baseline 0.001 -23"><span class='ocrx_word' id='word_1_371' title='bbox 694 4349 813 4426; x_wconf 88' lang='lat' dir='ltr'><strong>est,</strong></span> <span class='ocrx_word' id='word_1_372' title='bbox 860 4364 993 4409; x_wconf 89' lang='lat' dir='ltr'><strong>non</strong></span> <span class='ocrx_word' id='word_1_373' title='bbox 1040 4364 1200 4409; x_wconf 88' lang='lat' dir='ltr'><strong>vero</strong></span> <span class='ocrx_word' id='word_1_374' title='bbox 1246 4365 1411 4430; x_wconf 90' lang='lat' dir='ltr'><strong>quae</strong></span> <span class='ocrx_word' id='word_1_375' title='bbox 1442 4345 1611 4410; x_wconf 84' lang='lat' dir='ltr'><strong>alius</strong></span> <span class='ocrx_word' id='word_1_376' title='bbox 1657 4345 1914 4410; x_wconf 88' lang='lat' dir='ltr'><strong>tulisset</strong></span> <span class='ocrx_word' id='word_1_377' title='bbox 1961 4346 2408 4430; x_wconf 85' lang='lat' dir='ltr'><strong>metaphorice</strong></span> <span class='ocrx_word' id='word_1_378' title='bbox 2441 4365 2560 4410; x_wconf 90' lang='lat' dir='ltr'><strong>sua</strong></span> <span class='ocrx_word' id='word_1_379' title='bbox 2605 4345 2794 4423; x_wconf 85' lang='lat' dir='ltr'><strong>fecit;</strong></span> <span class='ocrx_word' id='word_1_380' title='bbox 2843 4349 2940 4410; x_wconf 90' lang='lat' dir='ltr'><strong>ita</strong></span> <span class='ocrx_word' id='word_1_381' title='bbox 2987 4352 3054 4410; x_wconf 90' lang='lat' dir='ltr'><strong>et</strong></span> 
     </span>
    </p>
   </div>
   <div class='ocr_carea' id='block_1_3' title="bbox 787 4563 1918 4629">
    <p class='ocr_par' dir='ltr' id='par_1_5' title="bbox 787 4563 1918 4629">
     <span class='ocr_line' id='line_1_39' title="bbox 787 4563 1918 4629; baseline 0 -9"><span class='ocrx_word' id='word_1_382' title='bbox 787 4565 804 4594; x_wconf 86' lang='lat'>¹</span> <span class='ocrx_word' id='word_1_383' title='bbox 843 4565 1033 4626; x_wconf 82' lang='lat' dir='ltr'><strong>Rom..</strong></span> <span class='ocrx_word' id='word_1_384' title='bbox 1075 4577 1155 4626; x_wconf 90' lang='lat' dir='ltr'><strong>v1,</strong></span> <span class='ocrx_word' id='word_1_385' title='bbox 1190 4565 1241 4618; x_wconf 82' lang='lat'><strong>6.</strong></span> <span class='ocrx_word' id='word_1_386' title='bbox 1280 4595 1349 4604; x_wconf 97' lang='lat'><strong>—</strong></span> <span class='ocrx_word' id='word_1_387' title='bbox 1388 4563 1409 4596; x_wconf 81' lang='lat'>²</span> <span class='ocrx_word' id='word_1_388' title='bbox 1446 4565 1466 4620; x_wconf 93' lang='lat'><em>1</em></span> <span class='ocrx_word' id='word_1_389' title='bbox 1505 4565 1710 4628; x_wconf 65' lang='lat' dir='ltr'><strong>Pars..</strong></span> <span class='ocrx_word' id='word_1_390' title='bbox 1743 4580 1804 4629; x_wconf 81' lang='lat'><strong>11,</strong></span> <span class='ocrx_word' id='word_1_391' title='bbox 1829 4567 1918 4620; x_wconf 81' lang='lat'><strong>24.</strong></span> 
     </span>
    </p>
   </div>
   <div class='ocr_carea' id='block_1_4' title="bbox 3371 7 3390 2910">
    <p class='ocr_par' dir='ltr' id='par_1_6' title="bbox 3371 7 3390 2910">
     <span class='ocr_line' id='line_1_40' title="bbox 3371 7 3390 2910; baseline 0 0"><span class='ocrx_word' id='word_1_392' title='bbox 3371 7 3390 2910; x_wconf 95' lang='lat' dir='ltr'><strong> </strong></span> 
     </span>
    </p>
   </div>
  </div>
 </body>
</html>
