3400 5642
1299 537 1413 611 -κζ
1459 525 1540 589 61
1594 530 1707 611 {b}-

317 669 846 753 explicationem,
895 674 962 733 et
1007 690 1154 735 cum
1183 671 1420 735 timore
1451 674 1520 733 et
1549 669 1947 735 verecundia
1977 669 2103 735 hoc
2133 673 2517 755 mysterium
2556 670 2669 736 ad-

315 770 624 836 mirabile
669 777 735 836 et
781 772 1074 836 divinum
1119 792 1160 837 a
1191 772 1541 856 longinquo
1573 770 1797 837 adora.
1833 771 2279 855 Ignorantiam
2310 775 2483 837 enim
2520 792 2669 839 cum

313 870 745 957 Evangelista
793 872 924 938 noli
970 880 1278 958 reputare
1311 873 1672 957 stultitiam,
1708 872 1823 939 sed
1853 877 2067 958 potius
2098 876 2500 959 sapientiam.
2536 875 2671 941 Nec

319 978 620 1059 cogitare
667 975 864 1041 debes
907 980 972 1041 te
1019 974 1254 1041 exinde
1301 974 1627 1041 devictum
1673 994 1837 1060 esse,
1886 976 2001 1041 sed
2044 978 2257 1060 potius
2290 996 2456 1042 vera
2486 980 2672 1061 igno-

233 1093 262 1138 5
317 1080 541 1142 rantia
587 1080 952 1162 opinionem
979 1074 1224 1143 *falsae
1269 1080 1582 1143 scientiae
1629 1097 1670 1143 a
1700 1084 1767 1143 te
1799 1082 2171 1162 superatam
2202 1099 2363 1143 esse.
2392 1079 2666 1162 Etenim,
2723 1103 2779 1159 p.
2808 1088 2905 1143 75.

316 1180 473 1263 quia
519 1178 628 1243 hio
673 1182 1023 1262 nescivisti,
1071 1180 1364 1263 probasti
1407 1184 1472 1244 te
1521 1198 1663 1244 esse
1710 1178 1989 1245 doctum.
2024 1179 2173 1244 Noli
2204 1199 2366 1263 ergo
2398 1199 2668 1246 currere

316 1281 404 1346 ad
451 1301 622 1347 nova
670 1302 788 1366 pro
819 1285 1000 1346 veris
1044 1280 1454 1364 invenienda,
1489 1284 1602 1346 aut
1647 1281 1733 1345 ad
1764 1302 1844 1346 ea
1890 1302 2054 1366 quae
2087 1284 2371 1366 opinioni
2416 1287 2668 1347 tantum

313 1388 702 1467 innituntur,
735 1404 854 1469 pro
900 1386 998 1448 eis
1044 1403 1208 1468 quae
1241 1388 1388 1448 sunt
1418 1386 1724 1449 veritatis
1754 1403 2005 1469 corpus.
2041 1383 2167 1449 Sed
2198 1384 2368 1448 dicet
2400 1385 2665 1469 aliquis:

314 1487 452 1553 Per
482 1489 1023 1552 exercitationem
1067 1488 1346 1551 rationis
1389 1506 1615 1551 sensus
1659 1488 2019 1571 sapientiae
2066 1488 2501 1572 comparabo?
2548 1489 2667 1571 En,

202 1604 261 1650 ιο
316 1592 464 1673 quis
507 1589 630 1654 tibi
674 1589 857 1655 dabit
896 1595 970 1653 ut
1017 1589 1256 1673 absque
1303 1588 1548 1671 labore,
1575 1593 1642 1653 et
1685 1587 2175 1673 defatigatione,
2202 1594 2267 1654 et
2312 1594 2671 1675 investiga-

315 1694 495 1757 tione
542 1690 880 1776 profunda,
905 1696 972 1755 et
1014 1693 1367 1755 vexatione
1413 1690 1711 1756 lectionis
1756 1691 1970 1755 subito
2016 1690 2243 1757 doctus
2286 1690 2407 1757 fias
2450 1712 2571 1777 per
2602 1693 2671 1758 id

315 1792 490 1877 quod
534 1797 876 1878 reputatur
921 1795 1312 1877 ignorantia,
1361 1797 1428 1857 et
1474 1795 1732 1877 sapiens
1777 1811 1896 1876 per
1948 1792 2415 1877 insipientiam!
2472 1794 2667 1860 Nulla

313 1898 496 1960 enim
539 1900 638 1960 est
683 1896 954 1959 scientia
1001 1896 1214 1959 maior
1255 1894 1392 1976 illa,
1441 1913 1568 1979 qua
1611 1894 1809 1959 homo
1862 1898 2060 1979 possit
2116 1898 2285 1961 scire
2339 1916 2665 1981 quousque

315 2003 386 2063 et
431 2016 744 2082 quasnam
789 2016 898 2061 res
941 1999 1112 2061 scire
1142 1996 1385 2079 valeat,
1419 2002 1486 2063 et
1515 1997 1855 2080 intellegat
1886 2000 2166 2081 primum
2198 2017 2518 2083 quaenam
2550 1998 2669 2063 suh

203 2116 260 2162 15
315 2102 887 2184 investigationem
935 2098 1189 2183 cadant,
1239 2104 1304 2164 et
1351 2098 1582 2164 deinde
1627 2102 1897 2183 incipiat
1944 2099 2022 2164 de
2076 2100 2207 2165 illis
2260 2103 2666 2166 ratiocinari.

315 2200 447 2266 Sed
492 2200 604 2265 ille
651 2203 760 2285 qui
804 2203 1207 2284 investigare
1240 2202 1433 2284 cupit,
1466 2199 1669 2265 dicet:
1726 2199 2061 2274 Quomodo
2092 2204 2389 2285 accipere
2428 2204 2665 2285 possim

313 2303 513 2369 illud:
563 2304 854 2368 Verbum
901 2322 1059 2367 caro
1099 2300 1342 2367 factum
1373 2301 1514 2366 est?
1561 2301 2119 2375 Quemadmodum
2164 2306 2473 2387 accepisti
2506 2304 2671 2369 Ver-

315 2409 492 2473 bum
538 2408 857 2470 exsistere
904 2424 1051 2469 cum
1097 2404 1378 2469 nondum
1423 2403 1671 2470 factum
1712 2410 1903 2486 esset,
1937 2408 2059 2470 etsi
2106 2424 2229 2469 non
2260 2405 2667 2470 intellexeris

315 2508 639 2594 quomodo
686 2510 979 2589 exsistat,
1035 2510 1130 2571 ita
1193 2512 1258 2571 et
1303 2511 1528 2571 teneas
1571 2506 1866 2571 Verbum
1911 2505 2156 2571 factum
2216 2526 2357 2571 esse
2405 2526 2669 2571 carnem

203 2634 260 2679 πο
316 2612 563 2695 absque
609 2612 984 2691 mutatione,
1033 2628 1150 2673 nec
1197 2611 1488 2692 inquiras
1533 2608 1849 2693 quomodo
1881 2608 2126 2673 factum
2157 2612 2257 2672 sita
2292 2608 2547 2673 Etenim
2587 2607 2668 2672 de

311 2719 381 2779 te
407 2716 546 2798 ipso
577 2732 702 2777 non
735 2712 1038 2796 loqueris,
1071 2730 1276 2796 neque
1311 2711 1390 2776 de
1421 2730 1552 2776 una
1581 2730 1667 2775 ex
1698 2713 1900 2775 meris
1930 2715 2273 2794 creaturiS,
2308 2712 2421 2776 sed
2451 2730 2667 2775 sermo

311 2820 468 2879 tuus
515 2814 598 2879 ad
644 2814 847 2878 Deum
893 2818 1166 2897 spectat,
1201 2813 1280 2877 de
1329 2832 1454 2897 quo
1499 2815 1811 2897 scriptum
1858 2817 1957 2876 est
1988 2810 2041 2876 ¹:
2096 2833 2132 2875 ‹<
2180 2812 2359 2877 Nihil
2404 2818 2503 2877 est
2546 2814 2669 2878 im·-

315 2917 626 3003 possibile
673 2915 844 3000 apud
890 2936 1039 2980 eum
1089 2938 1148 3000 »,
1197 2921 1262 2980 et
1302 2919 1362 2980 ²:
1415 2937 1452 2979 ‹
1499 2914 1733 2979 Omnia
1778 2934 2215 2999 quaecumque
2262 2914 2469 2979 voluit
2513 2912 2669 2979 fecit

315 3025 386 3085 in
435 3020 639 3102 caelo,
685 3023 750 3083 in
797 3025 1000 3102 terra,
1034 3022 1101 3083 in
1135 3022 1325 3101 mari,
1359 3022 1426 3083 et
1454 3021 1522 3083 in
1554 3018 1851 3083 omnihus
1881 3016 2137 3103 abyssis
2171 3040 2228 3082 ».
2264 3017 2465 3082 Deum
2498 3020 2670 3082 enim

205 3144 263 3189 25
317 3124 454 3188 dici
491 3124 808 3187 exsistere
842 3123 991 3205 quin
1021 3120 1237 3186 factus
1267 3124 1371 3204 sit,
1406 3138 1524 3205 per
1553 3122 2107 3203 comparationem
2140 3118 2223 3184 ad
2254 3139 2455 3183 novas
2486 3138 2673 3183 crea-

316 3231 525 3307 turae,
559 3222 1061 3288 existimandum
1110 3228 1239 3299 est;
1291 3242 1440 3287 nam
1485 3219 1662 3286 nulla
1695 3225 2003 3285 creatura
2049 3226 2313 3306 putatur
2350 3224 2671 3285 exsistere

313 3330 450 3393 nisi
488 3325 664 3393 facta
693 3328 796 3390 sit.
831 3324 1112 3391 Creator
1142 3332 1362 3391 autem
1392 3325 1476 3389 ab
1508 3324 1805 3390 omnibus
1851 3329 2115 3408 putatur
2160 3326 2479 3387 exsistere
2518 3322 2671 3387 licet

316 3446 448 3495 non
492 3427 721 3494 factus,
765 3428 864 3511 Et,
893 3426 1431 3512 quemadmodum
1481 3428 1690 3491 omnis
1735 3430 2043 3490 creatura
2075 3426 2453 3509 agnoscitur
2498 3426 2673 3487 exsi-

317 3535 496 3595 stere
542 3532 693 3613 quia
738 3527 916 3593 facta
948 3533 1065 3611 est,
1099 3527 1381 3592 Creator
1417 3526 1711 3592 creditur
1741 3528 2059 3589 exsistere
2090 3529 2341 3589 tantum
2372 3526 2521 3609 quia
2552 3528 2667 3587 est.

208 3652 265 3701 ao
317 3632 734 3717 Quapropter
777 3634 916 3715 ipse
962 3636 1062 3695 est
1106 3633 1216 3715 qui
1259 3650 1418 3694 vere
1477 3631 1755 3712 exsistit,
1789 3630 1939 3712 quia
1990 3628 2234 3691 nullum
2280 3632 2376 3691 est
2422 3632 2673 3709 tempus
2790 3688 2799 3695 ,

315 3752 446 3816 quo
479 3752 603 3797 non
636 3732 1026 3808 exsistebat;
1077 3731 1326 3797 scilieet
1351 3731 1644 3815 *tempus
1683 3732 2029 3793 essentiam
2060 3732 2201 3793 eius
2232 3748 2356 3793 non
2390 3729 2669 3811 attingit,
2728 3751 2781 3807 p.
2814 3734 2911 3791 76»

321 3836 476 3919 quia
521 3854 708 3899 omne
754 3838 1008 3917 tempus
1053 3833 1160 3897 vel
1208 3835 1604 3898 momentum
1651 3828 1824 3916 apud
1868 3835 2210 3895 creaturas
2254 3834 2490 3912 manet,
2517 3848 2674 3912 qua-

319 3954 472 3999 rum
517 3934 834 4019 quaedam
880 3937 1136 3998 initium
1183 3940 1249 3999 et
1294 3932 1488 3998 finem
1536 3933 1797 4016 habent,
1833 3932 2148 4016 quaedam
2180 3952 2361 4015 ver0,
2393 3932 2547 3996 licet
2576 3934 2675 3995 in-

321 4040 616 4122 ceperint
654 4040 992 4120 exsistere,
1018 4035 1214 4102 finem
1261 4057 1384 4102 non
1418 4036 1767 4101 habebunt.
1800 4034 1883 4099 Et
1915 4034 2451 4120 quemadmodum
2482 4035 2671 4117 Deus„

211 4170 268 4217 85
321 4139 676 4205 secundum
723 4158 910 4203 suum
961 4159 997 4202 ‹
1030 4158 1172 4203 esse
1206 4160 1266 4221 »,
1299 4158 1446 4204 cum
1479 4140 1822 4221 creaturiS,
1858 4158 2021 4221 quae
2054 4142 2119 4202 et
2148 4140 2328 4221 ipsae
2376 4136 2678 4201 dicuntur

321 4262 488 4325 esse,
551 4262 678 4307 non
741 4246 1178 4327 comparatur,
1243 4244 1337 4306 ita
1383 4246 1470 4306 et·
1501 4240 1859 4306 secundum
1928 4260 2115 4304 suum
2166 4266 2201 4298 «
2248 4238 2395 4303 fieri
2440 4260 2501 4321 »,
2550 4256 2676 4303 non

323 4345 518 4411 debet
563 4345 648 4410 ad
693 4351 1035 4410 creaturas
1079 4347 1396 4429 componi.
1445 4343 1630 4417 Quod
1675 4346 1735 4407 si
1779 4344 1988 4426 Deae,
2037 4362 2185 4407 cum
2229 4343 2423 4407 homo
2462 4340 2680 4407 factus

417 4567 438 4597 “
473 4567 632 4629 Luc..
666 4579 706 4629 1,
743 4566 828 4620 37.
874 4594 932 4605 -—
977 4564 999 4597 ⁸
1035 4568 1136 4621 Ps.
1177 4578 1424 4629 cxxxw,
1455 4566 1511 4620 6.
