3400 5642
1276 529 1677 614 -szsssm-

304 671 697 751 commercii,
747 675 813 734 et
858 672 999 754 ipsa
1046 671 1369 738 elementa
1415 693 1533 757 per
1578 692 1743 756 quae
1791 679 1856 737 et
1895 693 1981 738 ex
2011 674 2244 758 quibus
2273 678 2491 740 omnia
2521 681 2652 741 sta-

298 772 481 836 bilita
527 779 699 856 sunt,
748 777 815 838 et
859 777 1139 840 virtutes
1192 774 1439 840 calidas
1486 781 1549 840 et
1594 775 1901 860 frigidaS,
1957 780 2166 842 siccas
2210 783 2276 842 et
2328 778 2649 861 humidaS,

296 897 337 940 a
380 877 613 960 quibus
658 877 985 942 stabilitas
1028 877 1254 942 mundi
1300 877 1555 962 pendet.

379 979 469 1043 De
516 978 626 1042 his
671 998 833 1043 vero
895 977 1055 1044 fides
1116 999 1251 1043 non
1304 981 1593 1064 inquirit,
1657 984 1809 1064 quia
1869 1001 2250 1066 persuasum
2311 983 2512 1048 habet
2571 1003 2652 1049 ea

224 1095 250 1138 5
300 1082 614 1144 scientiae
678 1083 1065 1156 convenire3
1130 1080 1295 1146 haec
1354 1086 1577 1146 tamen
1636 1084 1975 1146 invenitur
2021 1102 2062 1148 a
2107 1103 2270 1148 vero
2315 1086 2386 1147 in
2429 1085 2652 1148 multis

296 1181 595 1265 deficere,
652 1203 775 1248 nec
820 1189 1025 1248 totam
1070 1186 1421 1249 veritatem
1466 1186 1830 1268 sapientiae
1869 1187 1940 1248 in
1989 1189 2315 1251 creaturis
2375 1190 2652 1270 positam

295 1288 555 1368 assequi
600 1290 843 1370 potest;
894 1284 1007 1350 sed
1062 1288 1263 1350 etiam
1307 1289 1379 1350 in
1421 1288 1567 1351 istis
1620 1283 1746 1352 fide
1801 1286 2073 1370 indiget,
2108 1307 2226 1372 per
2269 1307 2460 1372 quam
2506 1307 2648 1353 cre-

297 1386 451 1452 dere
498 1393 783 1472 cogatur
827 1387 895 1454 id
941 1389 1110 1473 quod
1156 1408 1291 1454 non
1338 1389 1698 1465 intellexit;
1757 1395 1824 1454 et
1875 1396 2210 1475 postquam
2256 1389 2412 1476 *per
2455 1411 2651 1475 expe·
2705 1422 2760 1476 p.
2793 1407 2916 1463 107.

294 1492 605 1555 rientiam
652 1491 877 1556 didicit
922 1511 1022 1574 ea,
1070 1510 1235 1575 quae
1282 1497 1594 1578 putantur
1638 1495 1925 1576 cognita,
1974 1512 2106 1558 non
2161 1494 2646 1578 comprehendi,

194 1601 243 1646 1⁰
292 1593 1138 1677 incomprehensibilitatem
1208 1614 1435 1660 eorum
1502 1593 1655 1660 fidei
1725 1596 2052 1680 relinquit.
2123 1595 2404 1662 Creator
2473 1600 2648 1662 enim

186 2111 235 2154 15

182 2623 233 2668 2⁰

182 3145 233 3189 25

292 1699 545 1757 tantam
590 1697 979 1778 sapientiam
1026 1698 1095 1758 in
1141 1696 1447 1780 operibus
1491 1699 1704 1780 posuit
1749 1703 1821 1762 ut
1863 1697 2046 1762 nulla
2099 1698 2476 1780 rationalia,
2525 1717 2646 1762 nec

290 1793 571 1858 fortasse
618 1798 897 1859 virtutes
942 1796 1289 1880 spiritales,
1338 1815 1485 1861 eam
1546 1797 2100 1882 comprehendere
2148 1801 2415 1882 possint,
2477 1801 2646 1864 sicut

288 1899 353 1957 et
396 1893 719 1979 propheta
752 1895 1027 1979 quodam
1068 1896 1213 1962 loco
1244 1897 1328 1962 ad
1358 1903 1726 1963 creatorem
1773 1897 2016 1963 dixit¹:
2071 1920 2108 1963 «
2134 1898 2344 1972 Quam
2387 1902 2647 1984 magni-

286 1993 483 2061 ficata
528 2003 681 2061 sunt
742 2017 943 2083 opera
990 2005 1119 2081 tua,
1182 1999 1486 2076 Domine;
1560 2005 1782 2066 omnia
1825 2004 1899 2066 in
1961 2004 2282 2086 sapientia
2327 2002 2542 2067 fecisti
2581 2023 2640 2067 ».

284 2099 362 2163 Et
414 2103 489 2165 in
544 2100 677 2164 alio
732 2102 979 2186 psalmo
1033 2105 1125 2166 ait
1158 2105 1215 2166 ²:
1278 2124 1315 2167 «
1368 2102 1756 2169 Confortata
1810 2111 1908 2169 est
1962 2111 2027 2168 et
2081 2125 2216 2170 non
2269 2110 2497 2188 potero
2555 2105 2641 2170 ad

283 2222 427 2266 eam
460 2224 520 2266 ».
572 2201 757 2274 Quod
802 2206 860 2268 si
904 2207 973 2267 in
1034 2204 1255 2268 multis
1298 2224 1463 2288 quae
1525 2208 1840 2272 scientiae
1887 2212 2258 2290 congruunt
2303 2205 2464 2272 fides
2515 2227 2634 2272 ne-

282 2309 573 2370 cessaria
620 2311 735 2388 est,
784 2311 1025 2390 quanto
1070 2309 1283 2390 magis
1328 2309 1399 2370 in
1444 2310 1579 2372 suis
1624 2306 1810 2372 decet
1839 2306 2034 2372 fidem
2065 2309 2536 2392 obsecundare,
2573 2315 2638 2373 et

283 2412 583 2492 accipere
628 2428 777 2474 cum
806 2409 1205 2474 verecundia
1238 2414 1303 2474 et
1333 2413 1567 2474 timore
1598 2413 1916 2494 mysteria
1947 2411 2639 2496 incomprehensibilia

281 2513 405 2575 sibi
453 2510 718 2594 tradita,
766 2531 971 2596 eaque
1016 2517 1243 2576 tenere
1304 2531 1437 2576 non
1483 2532 1603 2596 per
1660 2514 2023 2595 scientiam,
2071 2512 2186 2578 sed
2229 2516 2302 2577 in
2348 2513 2640 2578 admira-

282 2617 459 2678 tione
507 2619 575 2678 et
620 2620 900 2698 stupore.
951 2615 1048 2679 Ea
1094 2620 1317 2680 tamen
1362 2633 1527 2698 quae
1574 2621 1723 2679 sunt
1769 2613 1921 2680 fidei
1975 2614 2212 2680 debent
2267 2635 2384 2700 per
2427 2619 2642 2681 scien-

278 2718 439 2780 tiam
488 2715 807 2800 distingui
850 2721 917 2780 et
962 2716 1323 2793 declarari;
1374 2722 1439 2781 et
1484 2715 2022 2801 quemadmodum
2077 2717 2476 2782 ostendimus
2529 2719 2640 2784 vel

286 2837 499 2902 pauca
546 2838 633 2882 ex
678 2818 899 2882 multis
945 2837 1108 2902 quae
1156 2817 1369 2882 solent
1414 2821 1690 2884 scientia
1729 2820 2036 2901 inveniri,
2069 2822 2164 2883 ita
2195 2822 2394 2884 etiam
2427 2825 2641 2884 osten-

284 2921 441 2986 dere
499 2920 827 3003 debemus,
884 2925 1195 3004 quantum
1254 2918 1401 2985 fieri
1452 2925 1681 3004 potest,
1739 2941 1820 2985 ea
1874 2941 2038 3004 quae
2092 2941 2210 3006 per
2260 2919 2454 2986 fidem
2505 2942 2644 2986 ser-

280 3024 502 3089 vanda
548 3029 715 3088 sunt.

366 3127 511 3192 Hae
558 3132 709 3190 sunt
762 3147 923 3192 vero
986 3125 1321 3192 doctrinae
1377 3145 1536 3210 quas
1594 3123 1756 3190 fides
1815 3131 2010 3190 tenet.
2075 3125 2439 3192 Confitetur
2497 3127 2632 3192 Ens

280 3233 605 3294 exsistere
654 3232 1020 3312 ingenitum
1068 3234 1133 3293 et
1184 3231 1570 3310 increatum,
1606 3229 1810 3292 Deum
1841 3234 1905 3292 et
1949 3229 2235 3312 Patrem,
2283 3235 2349 3294 et
2393 3230 2630 3294 Filium

278 3332 715 3418 Spiritumque
762 3336 1058 3396 sanctum
1106 3351 1193 3396 ex
1237 3351 1316 3396 eo
1362 3351 1524 3413 esse,
1566 3352 1768 3396 unum
1815 3335 2106 3415 genitum
2157 3333 2398 3416 absque
2444 3335 2635 3397 initio

278 3441 343 3498 et
386 3441 702 3518 tempore,
754 3438 820 3498 et
864 3433 1149 3497 alterum
1196 3453 1281 3498 ex
1326 3433 1493 3498 Ente
1540 3433 2001 3518 procedentem
2047 3439 2200 3498 ante
2241 3436 2459 3498 omnia
2491 3454 2636 3498 sae-

277 3536 427 3600 cula
474 3541 539 3600 et
586 3538 811 3611 initia;
862 3554 1097 3618 eosque
1144 3554 1287 3600 esse
1334 3553 1534 3598 unam
1578 3537 1930 3600 essentiam
1977 3538 2047 3598 in
2091 3535 2302 3598 tribus
2335 3538 2634 3618 personis

276 3642 575 3722 agnitam
622 3643 687 3702 et
732 3644 870 3702 tres
914 3657 1229 3722 personas
1274 3641 1346 3700 in
1396 3657 1529 3702 una
1584 3639 1868 3702 essentia
1921 3636 2340 3702 confitendas.
2391 3638 2482 3702 De
2537 3641 2634 3702 eis

274 3749 493 3806 autem
538 3739 701 3805 fides
746 3740 999 3804 discere
1030 3759 1163 3803 non
1194 3743 1449 3823 quaerit
1481 3739 1796 3823 quomodo
1827 3744 2068 3804 natura
2106 3739 2326 3804 Patris
2357 3743 2630 3804 exsistat

274 3863 420 3908 cum
466 3863 602 3909 non
647 3843 823 3908 facta
878 3846 994 3918 sit;
1054 3848 1166 3906 aut
1220 3861 1337 3906 cur
1390 3842 1597 3906 Filius
1641 3848 1708 3906 et
1754 3840 2049 3926 Spiritus,
2107 3862 2252 3906 cum
2307 3843 2498 3908 ambo
2546 3862 2626 3906 ex

274 3967 352 4011 eo
398 3949 549 4029 sint,
600 3946 726 4010 duo
772 3945 893 4010 filii
942 3965 1076 4010 non
1130 3948 1590 4009 existimentur
1642 3964 1766 4009 nec
1819 3950 1892 4008 ut
1941 3943 2186 4010 fratres
2239 3945 2626 4029 habeantur,

272 4050 431 4113 *nec
476 4069 649 4112 unus
694 4048 905 4113 altero
952 4050 1172 4112 iunior
1210 4053 1322 4112 aut
1354 4050 1577 4111 senior
1606 4047 1895 4122 dicatum
1931 4052 2045 4110 aut
2076 4047 2392 4131 quomodo
2423 4047 2630 4111 Filius
2683 4082 2736 4136 p.
2774 4067 2893 4121 108.

274 4155 633 4235 generetur
676 4150 785 4216 vel
831 4150 1149 4234 quomodo
1194 4148 1472 4233 Spiritus
1519 4147 1860 4232 procedat;
1911 4153 2025 4212 aut
2075 4154 2298 4212 utrum
2349 4147 2628 4232 Spiritus

271 4257 473 4318 etiam
519 4252 829 4338 procedat
876 4271 994 4337 per
1039 4251 1199 4316 illud
1254 4271 1377 4335 quo
1428 4251 1633 4315 Filius
1685 4257 1880 4316 natus
1933 4255 2062 4328 est;
2121 4257 2234 4315 aut
2287 4251 2624 4334 quomodO,

269 4375 416 4420 cum
460 4361 705 4420 natura
748 4355 968 4418 Patris
1014 4354 1291 4438 simplex
1336 4357 1439 4436 sit,
1482 4356 1545 4418 ei
1574 4355 1952 4420 tribuantur
1981 4373 2178 4418 voces
2207 4355 2623 4436 compositae,

362 4577 381 4606 ¹
417 4577 517 4630 Ps.
554 4589 657 4630 cm
694 4577 851 4644 (mv),
890 4579 977 4630 24.
1014 4605 1085 4615 -
1123 4574 1145 4606 ²
1182 4577 1281 4631 Ps.
1320 4587 1611 4637 cxxxvm.
1650 4575 1699 4628 6.
