3400 5642
216 1587 267 1632 10

222 2096 271 2141 15

1278 505 1390 585 -2<-(
1439 501 1567 566 113
1612 504 1725 589 >s-

324 649 493 715 duos
538 655 763 713 uteros
806 649 982 712 inter
1026 667 1095 710 se
1149 644 1608 730 comparandO,
1657 650 1920 710 uterum
1965 643 2264 729 Virginis
2309 650 2376 709 et
2421 650 2676 710 uterum

318 754 649 838 baptismi,
696 750 931 815 Filium
980 769 1065 813 ex
1109 749 1389 832 Virgine
1435 753 1661 812 natum
1708 753 1776 812 et
1835 745 2004 812 filios
2052 767 2139 811 ex
2185 766 2353 831 aqua
2409 751 2498 812 et.
2537 745 2675 832 Spi-

319 859 463 920 ritu
507 859 715 918 natos.
764 852 848 916 Et
894 850 1431 936 quemadmodum
1476 852 1996 934 sapientissimus
2055 849 2318 932 PauluS,
2381 869 2679 914 resurre-

322 960 610 1022 ctionem
670 954 1006 1019 hominum
1052 972 1139 1017 ex
1198 953 1473 1017 mortuis
1518 950 1752 1016 docere
1799 952 2046 1034 volens,
2097 971 2132 1016 e
2191 954 2676 1016 resurrectione

322 1059 579 1124 Christi
622 1057 1065 1121 testimonium
1112 1053 1385 1118 adduxit
1432 1053 1516 1118 ad
1562 1055 2112 1118 resurrectionem
2160 1073 2389 1118 eorum
2442 1051 2678 1118 confir·-

324 1159 655 1241 mandam,
704 1161 797 1223 ita
843 1163 909 1222 et
952 1177 1091 1239 nOS,
1138 1161 1211 1220 ut
1257 1158 1506 1240 opinor,
1534 1162 1712 1220 recte
1737 1159 1996 1240 egimus
2017 1175 2184 1238 cum,
2211 1175 2298 1219 ex
2327 1157 2674 1220 nativitate

322 1282 447 1348 per
494 1263 779 1346 gratiam
824 1279 987 1344 quae
1034 1258 1407 1325 hominibus
1455 1262 1667 1342 gratis
1713 1257 1868 1322 data
1913 1263 2032 1342 est,
2058 1260 2128 1322 in
2153 1277 2277 1342 qua
2309 1277 2456 1323 cum
2487 1255 2678 1322 fimus

320 1363 446 1429 filii
492 1383 624 1428 non
670 1364 1027 1427 amittimus
1073 1381 1215 1425 esse
1262 1359 1559 1425 homines
1588 1380 1712 1425 nec
1735 1358 1942 1424 *ullus
1965 1366 2260 1424 nostrum
2291 1366 2678 1425 numeratur
2770 1409 2787 1426 .

323 1467 457 1532 duo
502 1466 615 1530 ubi
659 1463 871 1528 factus
916 1468 1015 1528 est
1058 1464 1273 1546 filius,
1336 1461 1931 1527 demonstravimus
1977 1462 2180 1526 Deum
2241 1461 2486 1526 factum
2533 1482 2675 1527 esse

321 1569 656 1634 hominem
702 1585 826 1630 nec
871 1570 1093 1630 tamen
1122 1584 1209 1628 ex
1250 1567 1533 1628 essentia
1580 1583 1699 1628 sua
1747 1569 2064 1629 mutatum
2112 1583 2274 1647 esse,
2309 1571 2424 1628 aut
2452 1584 2675 1628 nume-

324 1690 479 1735 rum
524 1671 866 1753 accepisse.
916 1668 1106 1732 Patet
1152 1665 1407 1751 quidem
1455 1668 1578 1732 has
1626 1666 1788 1731 duas
1833 1687 1941 1731 res
1987 1687 2056 1732 se
2103 1670 2386 1733 invicem
2417 1667 2678 1733 fortiter

324 1772 782 1838 corroborare.
831 1770 1109 1852 Etenim,
1136 1771 1287 1853 quia
1334 1769 1505 1834 Deus
1550 1772 1620 1832 in
1666 1773 1855 1833 utero
1886 1768 2178 1834 naturali
2209 1768 2404 1834 homo
2437 1771 2676 1854 absque

325 1876 689 1938 mutatione
735 1871 949 1936 factus
994 1877 1111 1954 est,
1158 1870 1463 1955 possibile
1510 1870 1636 1935 fuit
1680 1871 1981 1935 homines
2026 1873 2100 1934 in
2150 1876 2341 1935 utero
2373 1871 2675 1956 baptismi

325 1976 502 2040 filios
545 1976 664 2039 Dei
706 1972 870 2038 fieri.
919 1973 1003 2037 Et
1049 1976 1201 2058 quia
1261 1972 1595 2037 intellectu
1643 1971 1904 2037 difficile
1952 1978 2050 2038 est
2097 1977 2300 2038 menti
2361 1975 2676 2058 quomodo

328 2080 503 2143 Deus
546 2078 740 2142 homo
786 2075 934 2141 fieri
994 2078 1276 2160 potuerit
1320 2080 1387 2139 et
1432 2074 1499 2138 id
1552 2075 1721 2158 quod
1782 2081 1928 2141 erat
1981 2095 2345 2160 remanere,
2395 2083 2460 2142 et
2504 2098 2672 2142 unus

324 2180 625 2262 idemque
672 2177 1124 2262 agnoscendus
1170 2180 1254 2242 sit
1300 2176 1367 2241 id
1414 2176 1581 2260 quod
1642 2182 1789 2241 erat
1835 2182 1900 2241 et
1945 2177 2012 2242 id
2065 2178 2231 2261 quod
2292 2177 2508 2243 factus
2554 2186 2670 2262 est,

326 2282 495 2346 haec
540 2284 759 2346 omnia
806 2278 1277 2345 confirmantur
1322 2299 1401 2344 eo
1448 2278 1614 2363 quod
1660 2278 1856 2345 homo
1903 2299 1989 2344 ex
2012 2280 2332 2364 baptismo
2355 2279 2527 2345 filius
2544 2282 2676 2346 Dei

323 2382 541 2448 factus
570 2387 667 2446 est
698 2387 762 2446 et
793 2401 928 2445 non
959 2383 1177 2445 amisit
1207 2401 1348 2445 esse
1382 2381 1731 2445 hominem.
1766 2379 2177 2466 Quapropter
2206 2385 2405 2446 etiam
2436 2382 2676 2449 Iohan-

328 2505 451 2550 nes
496 2483 904 2568 evangelista
935 2482 1101 2548 haec
1132 2483 1259 2548 duo
1290 2503 1491 2547 unum
1534 2486 1721 2547 iuxta
1755 2483 2034 2548 alterum
2065 2487 2278 2568 posuit
2317 2483 2370 2548 ¹:
2419 2486 2676 2553 scilicet

324 2586 620 2650 Verbum
682 2604 948 2649 carnem
1008 2584 1252 2649 factum
1298 2605 1441 2649 esse
1504 2591 1569 2650 et
1629 2586 1928 2650 homines
1988 2584 2158 2650 filios
2205 2587 2323 2651 Dei
2368 2586 2531 2652 fieri.
2583 2589 2674 2652 De

323 2687 865 2752 inhumanatione
912 2686 1029 2750 Dei
1060 2689 1349 2771 scripsit:
1404 2708 1440 2751 ⁴<
1473 2687 1766 2752 Verbum
1798 2707 1954 2752 caro
1986 2687 2230 2753 factum
2262 2695 2360 2753 est
2391 2695 2456 2753 et
2487 2689 2671 2755 habi-

324 2791 496 2853 tavit
540 2791 610 2852 in
655 2788 845 2853 nobis
877 2809 935 2872 ›,
985 2792 1050 2852 et
1096 2787 1175 2852 de
1224 2787 1447 2852 divina
1494 2788 1832 2853 hominum
1876 2788 2192 2854 filiatione
2225 2789 2423 2854 dixit:
2479 2811 2515 2854 ⁴<
2547 2789 2673 2864 Qui

324 2911 462 2956 non
506 2911 591 2955 ex
638 2893 977 2974 sanguine,
1026 2909 1234 2973 neque
1282 2910 1368 2954 ex
1399 2890 1734 2955 voluntate
1783 2893 2022 2974 carnis,
2069 2911 2278 2976 neque
2327 2913 2413 2957 ex
2443 2893 2673 2958 volun-

322 2998 463 3057 tate
510 2995 661 3075 viri,
708 2990 823 3056 sed
868 3012 955 3056 ex
1000 2992 1134 3058 Deo
1194 2995 1335 3056 nati
1396 2997 1545 3056 sunt
1592 3013 1651 3056 ».
1716 2991 1891 3065 Quos
1950 3012 2084 3058 non
2143 2994 2430 3059 humano
2484 2994 2674 3059 modo

323 3093 537 3158 factos
581 3114 723 3158 esse
770 3092 940 3159 filios
986 3099 1209 3178 aperte
1270 3092 1617 3170 indicavit;
1669 3093 1986 3177 quomodo
2047 3102 2264 3160 autem
2326 3095 2485 3160 facti
2544 3099 2675 3160 sint

326 3215 659 3282 exponere
720 3215 850 3259 non
912 3198 1135 3280 potuit.
1186 3195 1287 3260 Ita
1333 3201 1399 3260 et
1443 3216 1563 3260 nos
1624 3196 1841 3261 docuit
1886 3197 2180 3261 Verbum
2241 3197 2485 3263 factum
2531 3218 2672 3263 esse

326 3317 615 3380 carnem,
665 3296 731 3361 id
778 3302 894 3380 est,
945 3297 1309 3374 hominem;
1360 3319 1483 3382 quo
1529 3304 1751 3362 autem
1797 3298 1986 3364 modo
2010 3299 2118 3363 vel
2142 3319 2266 3382 quo
2299 3298 2512 3364 medio
2541 3320 2674 3364 non

326 3400 672 3481 revelavit,
721 3406 787 3464 et
832 3399 1173 3465 evidenter
1218 3403 1367 3484 quia
1413 3400 1479 3464 id
1528 3403 1785 3484 assequi
1829 3421 1963 3465 non
2008 3404 2230 3486 potuit.
2275 3401 2452 3466 Haec
2499 3404 2674 3466 enim

326 3522 436 3567 res
484 3501 567 3566 ad
613 3501 815 3566 Deum
839 3504 1122 3586 pertinet
1153 3508 1219 3566 et
1242 3505 1383 3566 eius
1415 3505 1704 3586 cognitio
1735 3502 2137 3568 intellectum
2170 3506 2456 3567 omnium
2489 3523 2675 3568 crea·

328 3610 628 3668 turarum
674 3608 957 3688 superat.
1006 3603 1415 3688 Quapropter
1458 3605 1649 3669 nobis
1694 3625 1842 3670 cum
1872 3604 2299 3688 Evangelista
2333 3604 2673 3670 dicendum

327 3711 456 3770 est:
515 3726 551 3769 ⁴<
583 3705 876 3769 Verbum
922 3725 1079 3771 caro
1126 3705 1371 3770 factum
1419 3711 1601 3790 est»,
1651 3706 1720 3770 id
1766 3712 1883 3788 est,
1931 3706 2147 3789 hom0,
2197 3712 2262 3771 et
2316 3710 2514 3771 etiam
2563 3706 2675 3771 ad-

327 3807 609 3872 dendum
656 3813 771 3890 est,
835 3808 1025 3873 verbi
1086 3811 1323 3893 gratia,
1378 3829 1511 3874 non
1567 3815 1903 3892 mutatum,
1937 3829 2071 3873 non
2117 3809 2486 3893 alteratum,
2541 3829 2677 3875 non

325 3908 884 3993 transformatum,
913 3930 1044 3975 non
1089 3913 1160 3975 in
1206 3931 1473 3976 carnem
1522 3931 1931 3993 conversum,
1965 3930 2098 3975 non
2121 3917 2516 3994 concretum,
2542 3931 2676 3977 non

325 4010 589 4076 factum.
638 4012 934 4077 Verbum
978 4016 1073 4077 ita
1117 4033 1250 4078 non
1296 4012 1495 4078 fuisse
1546 4013 1768 4078 dicere
1823 4013 2137 4096 valemus,
2186 4013 2300 4078 sed
2361 4013 2676 4098 quomodo

222 4124 274 4169 33
325 4111 527 4178 fuerit
571 4133 693 4178 nec
739 4114 1127 4199 intellegere
1174 4135 1296 4180 nec
1341 4114 1597 4180 *dicere
1644 4135 2014 4201 possumus;
2066 4118 2215 4199 quia
2240 4116 2405 4180 haec
2437 4136 2545 4180 res
2575 4119 2674 4179 in-
2730 4145 2787 4201 p.
2823 4129 2944 4184 151.

326 4215 657 4280 tellectum
703 4221 999 4281 nostrum
1046 4224 1538 4302 ceterorumque
1588 4217 2030 4300 rationalium,
2065 4220 2204 4282 sive
2261 4219 2671 4302 spiritalium,

331 4320 471 4381 sive
505 4318 964 4402 corporalium,
1005 4319 1426 4384 transcendit.

422 4541 439 4570 ¹
480 4541 755 4604 lomus..
790 4554 831 4604 1,
872 4541 953 4596 13.

549 4705 686 4746 svn.
722 4722 793 4733 —
828 4706 881 4747 B.
922 4723 988 4732 -
1028 4706 1218 4747 xxvix.
2428 4697 2462 4749 8
