3400 5642
546 3122 606 3178 p.
638 3108 727 3164 89.

784 652 995 718 turale
1044 656 1160 718 est.
1210 653 1488 736 Etenim,
1537 651 1854 738 quomodo
1901 652 2012 717 ille
2061 655 2189 738 qui,
2216 673 2362 718 cum
2408 653 2842 718 veteravisset
2889 658 2958 717 et
2995 673 3140 719 cor-

784 759 1015 839 ruptus
1060 762 1250 839 esset,
1300 756 1384 819 ab
1415 755 1547 820 alio
1579 755 1892 820 renovari
1921 754 2283 839 indigebat,
2322 757 2635 839 potuisset
2667 774 2994 819 renovare
3034 776 3146 820 eos

781 857 892 940 qui
932 860 1420 942 veteraverant,
1454 858 1727 942 aliisque
1759 855 1920 923 dare
1954 857 2241 941 gratiam
2273 857 2399 921 sibi
2431 856 2778 922 collatam?
2803 856 3138 929 Quomodo

784 960 911 1044 qui,
962 961 1085 1023 nisi
1131 963 1399 1044 propter
1443 980 1562 1025 nos
1606 963 1868 1026 creatus
1899 964 2088 1042 esset,
2122 960 2298 1026 nullo
2328 959 2520 1024 modo
2559 963 2937 1042 exstitisset,
2972 959 3136 1024 alios

781 1080 1014 1125 creare
1060 1061 1417 1126 valuisset?
1464 1060 1648 1133 Quod
1694 1064 1753 1125 si
1797 1059 2019 1125 dicunt
2063 1081 2212 1125 eum
2258 1065 2552 1126 creatum
2600 1080 2743 1125 esse
2774 1064 2848 1123 ut
2879 1081 3000 1126 nos
3031 1060 3138 1125 de·
3211 1075 3238 1118 5

780 1183 908 1227 nuo
956 1169 1236 1245 crearet,
1263 1168 1329 1227 et
1374 1163 1619 1227 idcirco
1667 1161 1911 1226 factum
1943 1182 2086 1227 esse
2117 1166 2188 1225 ut
2221 1182 2337 1226 nos
2367 1161 2446 1226 de
2479 1181 2650 1227 novo
2679 1161 2965 1238 faceret3
3008 1162 3133 1226 hac

781 1263 861 1329 de
908 1280 1107 1328 causa
1154 1265 1363 1348 igitur
1406 1263 1599 1328 debet
1644 1263 1830 1328 nobis
1877 1265 2130 1348 gratias
2175 1281 2402 1347 agere,
2435 1265 2586 1346 quia
2631 1265 2758 1326 nisi
2786 1267 2857 1326 ut
2889 1283 3011 1327 nos
3049 1263 3144 1326 fa-

781 1372 962 1431 ceret
1007 1365 1221 1431 factus
1266 1387 1393 1430 non
1439 1369 1630 1449 esset,
1679 1372 1745 1430 et
1799 1368 1924 1430 nisi
1984 1370 2056 1429 ut
2109 1385 2226 1430 nos
2287 1368 2642 1431 renovaret
2702 1369 2966 1429 creatus
3013 1385 3138 1430 non

781 1467 985 1534 esset!
1034 1468 1118 1532 Et
1165 1468 1703 1553 quemadmodum
1737 1471 1951 1533 omnia
1984 1473 2249 1553 propter
2282 1488 2397 1532 nos
2427 1467 2604 1532 sacta
2636 1472 2800 1550 sunt,
2833 1470 2928 1532 ait
2959 1469 3134 1532 enim

780 1571 1025 1635 Paulus
1064 1569 1116 1634 ¹:
1172 1591 1209 1634 ‹<
1240 1569 1473 1634 Omnia
1518 1575 1786 1655 propter
1829 1590 1949 1634 vos
1980 1590 2040 1653 »,
2087 1571 2182 1633 ita
2229 1574 2296 1633 et
2340 1571 2476 1654 ipse
2507 1571 2839 1633 invenitur
2867 1571 3136 1653 propter
3187 1576 3236 1620 1⁰

781 1693 899 1737 nos
942 1670 1155 1736 factus
1202 1691 1361 1736 esse.
1412 1671 1495 1736 Et
1542 1671 2079 1756 quemadmodum
2124 1671 2369 1735 Paulus
2414 1675 2681 1755 propter
2726 1691 2842 1735 nos
2887 1669 3136 1734 electus

782 1778 880 1837 est
924 1779 997 1836 ut
1042 1779 1213 1838 esset
1259 1773 1607 1857 apostolus,
1655 1779 1722 1837 et
1768 1775 1966 1837 etiam
2013 1772 2130 1837 alii
2175 1771 2494 1856 discipuli,
2534 1778 2606 1835 ut
2652 1791 2874 1837 omnes
2917 1777 3134 1835 essent

781 1878 1033 1960 pariter
1077 1894 1435 1959 praecones
1480 1880 1545 1939 et
1590 1874 1892 1940 doctores
1939 1877 2248 1960 gentium,
2281 1877 2372 1938 ita
2407 1879 2472 1939 et
2495 1873 2816 1956 Christus,
2849 1877 2908 1938 si
2937 1873 3134 1938 homo

781 1980 883 2061 sit,
932 1997 1056 2042 non
1104 1996 1267 2042 vero
1313 1977 1485 2041 Deus
1530 1977 2008 2060 inhumanatum
2057 1980 2388 2042 invenitur
2447 1980 2648 2041 etiam
2699 1981 2968 2061 propter
3013 1995 3132 2039 nos

780 2078 993 2144 factus
1038 2084 1103 2143 et
1149 2078 1445 2144 conditus
1490 2083 1561 2142 ut
1607 2098 1724 2143 nos
1769 2098 1887 2162 per
1945 2082 2156 2163 ipsum
2215 2097 2616 2160 crearemur,
2673 2081 2839 2142 sicut
2885 2075 3133 2141 artifex
3187 2081 3235 2125 15

782 2181 1039 2265 singula
1085 2183 1514 2245 instrumenta
1562 2180 1847 2245 fabricat
1893 2181 2124 2264 quibus
2167 2201 2368 2265 opera
2415 2200 2574 2244 suae
2620 2183 2786 2244 artis
2815 2177 3128 2264 perficiat.

779 2281 964 2355 Quod
1010 2286 1068 2348 si
1113 2287 1379 2367 propter
1423 2303 1544 2347 nos
1590 2287 1852 2347 creatus
1897 2285 2000 2365 sit,
2047 2281 2160 2346 ille
2197 2285 2409 2347 nostri
2447 2287 2563 2365 est,
2597 2286 2981 2347 non-autem
3011 2299 3134 2344 nos

780 2385 956 2449 illius
979 2405 1216 2449 sumus.
1244 2385 1347 2449 Ad
1370 2384 1521 2469 quid
1544 2403 1708 2469 ergo
1725 2384 2072 2470 Apostolus
2095 2385 2262 2450 dixit
2279 2384 2304 2427 2
2323 2403 2386 2449 z«
2402 2385 2539 2449 Vos
2563 2388 2778 2450 autem
2795 2382 3130 2465 Christi»,

781 2493 846 2552 et
890 2507 1023 2552 non
1070 2486 1288 2552 docuit
1334 2487 1501 2571 quod
1548 2487 1787 2553 exinde
1835 2490 2145 2572 sequitur,
2193 2507 2424 2572 nempe
2471 2486 2806 2552 Christum
2838 2506 2979 2550 esse
3012 2505 3131 2550 no-

780 2589 945 2654 stri?
990 2589 1159 2654 Hinc
1202 2589 1504 2654 Christus
1550 2593 1933 2673 agnoscitur
1977 2589 2260 2673 quolibet
2306 2589 2570 2654 homine
2623 2588 2921 2670 inferior,
2976 2593 3130 2673 quia
3181 2596 3238 2642 ²⁰

780 2694 1214 2775 unusquisque
1262 2695 1553 2755 nostrum
1617 2697 1885 2776 propter
1943 2694 2224 2775 seipsum
2269 2689 2360 2774 fit,
2407 2695 2480 2754 ut
2525 2693 2596 2754 in
2641 2711 2757 2755 suo
2809 2711 2845 2753 (ι
2893 2710 3036 2754 esse
3085 2711 3122 2754 »

781 2798 846 2857 et
891 2796 963 2856 in
1010 2813 1128 2858 sua
1174 2813 1454 2878 persona
1502 2798 1931 2877 agnoscatur;
1980 2796 2117 2879 ipse
2165 2799 2380 2858 autem
2427 2791 2500 2857 fit
2544 2797 2810 2877 propter
2840 2792 3133 2857 ministe-

782 2897 952 2958 rium
1002 2893 1301 2976 aliorum,
1366 2897 1533 2959 sicut
1592 2899 1659 2958 et
1721 2913 1910 2959 omne
1966 2897 2465 2959 instrumentum
2531 2897 2696 2958 artis
2747 2891 2820 2958 fit
2866 2899 3136 2978 propter

784 3015 942 3079 opus
988 3016 1107 3080 ope
1163 2997 1304 3060 eius
1349 2994 1832 3080 perficiendum.
1881 2995 1964 3060 Et
2008 3015 2288 3079 rursum,
2337 2995 2874 3080 quemadmodum
2929 2999 3132 3060 etiam

784 3099 1005 3161 omnia
1036 3115 1294 3180 pecora,
1320 3095 1420 3160 *et
1453 3097 1788 3180 animalia,
1819 3102 1883 3160 et
1916 3100 2164 3181 species
2194 3097 2554 3180 volucrum,
2581 3100 2832 3182 pariter
2862 3100 3133 3181 propter
3181 3107 3234 3150 ’ὦ

781 3198 1081 3263 homines
1124 3197 1301 3263 facta
1347 3204 1515 3282 sunt,
1565 3199 1698 3263 alia
1746 3199 1831 3264 ad
1874 3199 2186 3282 laborem,
2243 3199 2376 3263 alia
2437 3199 2523 3264 ad
2583 3200 2817 3282 cibum,
2867 3199 3000 3264 alia
3049 3198 3134 3263 ad

756 3299 1303 3384 oblectationem,
1351 3307 1416 3365 et
1464 3301 1596 3365 alia
1644 3300 1729 3365 ad
1775 3300 1954 3365 aliud
1999 3299 2301 3384 officium,
2328 3303 2422 3365 ita
2469 3307 2535 3366 et
2579 3304 2736 3386 ipse,
2771 3321 2998 3366 eorum
3030 3302 3132 3364 in-

782 3407 939 3484 star,
989 3409 1253 3488 propter
1298 3404 1597 3468 homines
1642 3407 1906 3468 creatus
1951 3408 2069 3486 est,
2095 3409 2166 3467 ut
2227 3423 2386 3488 opus
2447 3402 2530 3467 ad
2577 3403 2854 3468 salutem
2900 3423 3133 3467 eorum

781 3505 938 3570 utile
986 3505 1070 3570 ab
1116 3508 1256 3589 ipso
1301 3502 1758 3589 perficeretur!
1824 3503 1950 3569 Sed
1996 3507 2141 3588 ista,
2191 3526 2355 3591 quae
2411 3507 2672 3591 opinari
2725 3505 3134 3590 blasphemia

780 3625 912 3670 non
959 3612 1179 3670 autem
1224 3605 1386 3670 fides
1416 3612 1533 3681 est,
1570 3614 1993 3672 revertantur
2021 3610 2090 3672 in
2121 3613 2314 3694 caput
2345 3627 2571 3673 eorum
2604 3609 2713 3692 qui
2743 3627 2944 3672 causa
2973 3613 3126 3672 sunt
3177 3619 3230 3665 so

782 3732 901 3777 cur
944 3715 1039 3777 ita
1084 3712 1285 3777 locuti
1331 3734 1568 3777 sumus.

870 3815 1113 3898 Itaque,
1140 3814 1441 3880 Christus
1485 3816 1673 3880 nobis
1721 3816 1974 3900 gratias
2019 3834 2220 3899 agere
2267 3835 2400 3881 non
2447 3816 2658 3899 debet,
2685 3837 2724 3881 o
2770 3816 3127 3899 haeretice,

782 3916 896 3981 sed
938 3936 1061 3981 nos
1105 3918 1171 3981 ei
1218 3920 1501 4001 gratiam
1548 3917 1825 3982 reddere
1872 3917 2198 4001 debemuS,
2227 3921 2379 4003 quia,
2423 3939 2569 3984 cum
2615 3925 2786 3984 esset
2831 3919 3004 3983 Deus
3027 3939 3130 3984 se-

782 4017 1063 4082 cundum
1109 4025 1433 4102 naturam,
1482 4024 1750 4103 propter
1793 4038 1913 4083 nos
1957 4019 2424 4084 inhumanatus
2469 4024 2599 4097 est3
2635 4025 2718 4103 et,
2760 4039 2907 4084 cum
2953 4025 3126 4085 esset

780 4120 1154 4204 altissimUS,
1202 4123 1484 4205 seipsum
1528 4121 1935 4197 hu1niliavit;
1985 4127 2069 4204 et,
2096 4142 2239 4187 cum
2289 4129 2460 4186 esset
2489 4123 2801 4205 sublimiS,
2843 4125 3128 4208 seipsum
3181 4133 3234 4178 35

782 4221 1072 4299 demisit;
1139 4227 1222 4306 et,
1271 4244 1418 4288 cum
1465 4228 1634 4287 esset
1681 4223 1929 4307 plenUS,
1963 4225 2377 4307 semetipsum
2410 4227 2810 4301 exinanivit;
2863 4229 2946 4308 et,
2983 4245 3130 4290 cum

781 4331 953 4389 esset
998 4323 1201 4408 diveS,
1229 4345 1297 4388 se
1330 4344 1683 4409 pauperem
1715 4323 1902 4401 fecit;
1955 4331 2038 4407 et,
2073 4345 2220 4389 cum
2253 4330 2422 4390 esset
2446 4325 2660 4390 forma
2683 4325 2820 4409 Dei,
2847 4325 3130 4391 formam

872 4543 889 4573 ²
928 4541 972 4596 11
1012 4543 1157 4607 Cor„
1192 4557 1272 4608 lv,
1313 4544 1410 4609 15;
1447 4543 1469 4598 1
1508 4545 1655 4608 Cor„
1689 4557 1771 4609 111,
1807 4546 1894 4598 22.
1933 4573 2002 4582 —
2027 4541 2050 4575 ²
2087 4545 2108 4599 1
2149 4543 2291 4615 Cor„
2325 4559 2408 4614 m,
2446 4543 2534 4600 23.
