3400 5642
1234 521 1347 610 44(
1396 521 1523 586 133
1570 521 1681 608 >x-

282 685 447 730 esse.
497 664 705 737 Quam
751 684 979 730 vocem
1026 670 1251 748 aperte
1296 667 1366 728 in
1413 664 1600 729 libris
1646 667 1781 729 suis
1826 670 2072 749 ponunt
2103 683 2372 749 eamque
2405 665 2634 749 legunt

281 770 471 852 quasi
515 767 759 832 Paulus
804 769 898 832 ita
929 766 1221 849 dixisset,
1256 772 1319 830 et
1350 787 1467 851 per
1496 787 1645 832 eam
1675 773 2000 832 conantur
2029 766 2374 832 ostendere
2407 774 2632 851 aperte

276 868 443 934 duos
487 866 677 950 filios,
724 889 925 932 unum
970 868 1215 934 factum
1262 889 1347 932 ex
1393 869 1667 934 muliere
1715 875 1782 933 et
1826 871 2111 950 missum,
2159 869 2440 934 alterum
2471 889 2634 935 vero

273 991 401 1036 neo
445 969 691 1036 factum
736 991 861 1035 nec
890 973 1175 1035 missum.
1224 971 1309 1035 Et
1340 974 1414 1053 is,
1449 973 1557 1055 qui
1602 974 1781 1035 inter
1809 969 1969 1035 eos¹
2019 971 2258 1036 Doctor
2301 991 2636 1057 nuncupa-

186 1089 220 1134 5
273 1080 404 1157 tur,
432 1093 619 1158 quem
651 1073 874 1139 dicunt
904 1093 1063 1160 prae
1094 1077 1321 1158 quovis
1368 1074 1499 1139 alio
1544 1073 1976 1158 Interpretem
2021 1073 2389 1157 Librorum,
2424 1075 2636 1140 Theo-

282 1175 503 1259 doruS,
567 1179 851 1261 inquam,
900 1181 1087 1260 pater
1132 1182 1197 1241 et
1258 1195 1455 1241 causa
1502 1176 1695 1240 huius
1749 1176 2120 1258 haereseos,
2185 1179 2326 1240 sine
2389 1176 2633 1260 pudore

280 1276 448 1342 duos
492 1275 663 1340 filios
723 1276 1196 1342 demonstravit
1240 1275 1393 1340 dum
1440 1277 1611 1342 hano
1670 1279 2146 1360 interpretatur
2206 1280 2629 1341 sententiam:

280 1398 487 1443 unum
517 1399 641 1444 neo
670 1378 923 1444 factum·
946 1398 1070 1444 nec
1098 1382 1385 1462 missum,
1419 1381 1527 1463 qui
1558 1385 1655 1444 est
1687 1380 1858 1444 Deus
1889 1379 2200 1462 Verbum,
2233 1384 2299 1443 et
2331 1378 2630 1464 alterum,

276 1479 487 1545 filium
520 1481 914 1566 adoptivum,
941 1483 1051 1565 qui
1072 1479 1285 1546 factus
1308 1487 1405 1546 est
1435 1488 1506 1545 ut
1537 1485 1926 1546 mitteretur.
1955 1481 2090 1546 Neo
2122 1481 2504 1546 recordatus
2533 1488 2634 1546 est

170 1600 225 1646 10
278 1583 501 1648 scriba
534 1583 645 1648 ille
676 1586 875 1648 etiam
908 1602 1133 1648 omnes
1178 1584 1529 1669 prophetas
1574 1590 1640 1648 et
1671 1584 1996 1668 apostolos
2041 1583 2190 1648 ideo
2235 1583 2444 1648 factos
2489 1603 2632 1648 esse

276 1682 387 1748 *ut
422 1691 639 1750 essent
671 1685 1027 1769 prophetae
1060 1690 1126 1748 et
1157 1685 1451 1770 apostoli,
1478 1688 1665 1750 iuxta
1693 1685 1902 1750 verba
1933 1685 2160 1750 divina
2190 1685 2269 1750 de
2302 1687 2400 1749 eis
2423 1684 2629 1750 dicta:

283 1808 319 1851 ε(
355 1785 495 1852 Vos
541 1787 703 1851 mihi
748 1786 940 1851 electi
986 1788 1143 1851 estis
1202 1793 1355 1852 ante
1400 1790 1928 1852 constitutionem
1983 1786 2207 1851 mundi
2231 1787 2256 1830 2
2291 1807 2365 1863 »;
2437 1792 2503 1851 et
2549 1787 2635 1852 ad

274 1890 633 1954 Ieremiam
664 1890 836 1953 Deus
879 1888 1048 1953 dixit
1072 1888 1131 1954 3:
1183 1910 1220 1953 «
1254 1890 1642 1974 Priusquam
1671 1897 1736 1956 te
1768 1889 2126 1955 formarem
2156 1892 2226 1954 in
2257 1896 2447 1955 utero
2476 1893 2636 1955 novi

278 1998 369 2074 te,
406 1997 474 2056 et
506 1999 853 2076 antequam
884 1994 1105 2056 exires
1150 1992 1231 2056 de
1277 1990 1477 2056 vulva
1524 1991 1931 2058 sanctificavi
1969 1998 2033 2057 te
2067 2015 2125 2056 ».
2192 1991 2260 2056 Si
2305 1992 2486 2057 Iesus
2531 2011 2638 2056 re-

171 2110 223 2155 15
278 2095 584 2178 demptor
613 2099 855 2177 noster,
889 2100 961 2158 ut
1006 2098 1375 2178 opinantur,
1408 2094 1620 2160 factus
1666 2101 1766 2159 est
1809 2101 1882 2160 ut
1925 2098 2315 2177 mitteretur,
2363 2100 2518 2160 tuno
2549 2098 2638 2159 si-

278 2197 461 2262 milis
505 2203 606 2262 est
650 2200 889 2261 ceteris
920 2199 1028 2281 qui
1074 2195 1233 2261 facti
1262 2201 1412 2261 sunt
1443 2201 1513 2260 ut
1553 2197 1962 2280 eligerentur
2006 2203 2070 2262 et
2101 2199 2537 2280 mitterentur,
2569 2196 2638 2261 id

280 2304 407 2381 est,
442 2301 656 2382 agniti
699 2303 849 2362 sunt
910 2298 1101 2362 electi
1146 2301 1344 2362 etiam
1393 2303 1742 2382 antequam
1786 2296 2020 2363 fierent
2067 2305 2131 2364 et
2184 2303 2634 2362 nascerentur.

366 2400 505 2466 Nos
548 2403 757 2484 igitur
802 2399 1113 2465 debemus
1158 2400 1283 2465 hoc
1327 2400 1601 2464 verbum
1648 2399 1734 2464 ad
1779 2405 2062 2465 mentem
2107 2400 2401 2485 Apostoli
2447 2401 2638 2466 intel-

279 2503 513 2587 legere
544 2502 829 2586 illudque
862 2501 1087 2586 legere
1119 2505 1287 2567 sicut
1310 2503 1394 2567 ab
1416 2521 1496 2568 eo
1527 2505 1840 2586 scriptum
1865 2508 1981 2586 est,
2017 2508 2082 2568 et
2105 2503 2360 2568 dicere:
2400 2524 2436 2567 ε(
2461 2503 2640 2569 Misit

165 2620 221 2666 20
277 2608 456 2672 Deus
501 2605 739 2670 Filium
772 2625 956 2670 suum
988 2604 1233 2670 factum
1279 2625 1365 2669 ex
1398 2605 1691 2687 muliere,
1726 2605 1971 2670 factum
2016 2607 2136 2670 sub
2181 2606 2329 2690 lege
2363 2627 2422 2672 ».
2473 2607 2640 2672 Nam

273 2713 333 2774 si
386 2708 583 2774 homo
630 2707 909 2792 quidam,
959 2710 1126 2771 sicut
1170 2707 1242 2770 hi
1274 2706 1513 2790 dicunt,
1562 2727 1647 2772 ex
1678 2708 1954 2772 muliere
1986 2707 2198 2773 factus
2245 2716 2433 2792 esset,
2467 2709 2640 2794 Apo-

277 2812 491 2877 stolus
534 2831 668 2876 non
714 2810 1015 2875 dixisset:
1083 2830 1120 2873 «
1153 2810 1331 2873 Misit
1378 2811 1547 2874 Deus
1591 2810 1830 2874 Filium
1877 2830 2064 2874 suum
2097 2831 2157 2894 »,
2205 2811 2320 2876 sed
2367 2811 2642 2876 dixisset

276 2933 437 2979 eum
482 2915 762 2998 primum
809 2911 1053 2978 factum
1102 2931 1242 2976 esse
1290 2917 1355 2976 et
1401 2917 1625 2996 postea
1671 2915 1958 2976 missum.
2015 2911 2418 2998 Impossibile
2465 2915 2638 2978 enim

280 3021 438 3082 erat
468 3021 539 3078 ut
570 3018 943 3079 mitteretur
973 3017 1081 3098 qui
1112 3013 1325 3079 adhuc
1356 3019 1618 3078 creatus
1647 3033 1782 3078 non
1813 3019 1977 3098 erat,
2010 3035 2164 3079 nam
2196 3017 2642 3080 necessarium

165 3136 221 3180 25
280 3123 437 3184 erat
468 3137 619 3182 eum
642 3119 961 3182 exsistere
994 3122 1061 3182 et
1090 3115 1324 3180 deinde
1349 3121 1419 3179 ut
1444 3116 1842 3181 salvatorem
1867 3116 1952 3181 ad
1975 3117 2141 3182 alios
2165 3121 2356 3183 mitti.
2379 3117 2642 3182 Etenim

278 3223 491 3286 etiam
536 3218 911 3303 prophetae,
960 3221 1071 3302 qui
1114 3218 1513 3301 temporibus
1558 3217 1841 3282 diversis
1900 3221 2082 3283 missi
2143 3224 2312 3302 sunt,
2361 3222 2642 3303 primum

278 3321 450 3388 facti
496 3326 646 3385 sunt
690 3326 757 3385 et
804 3320 1037 3385 deinde
1082 3323 1282 3384 missi.
1332 3319 1433 3384 Ita
1478 3325 1543 3384 et
1604 3319 1717 3384 ille
1765 3323 1872 3404 qui
1919 3340 2092 3386 nune
2139 3324 2373 3385 missus
2418 3327 2536 3404 est,
2585 3324 2642 3385 si

274 3424 483 3489 homo
528 3425 631 3506 sit,
679 3428 750 3486 ut
796 3421 955 3488 dicit
1000 3422 1391 3504 haereticuS,
1440 3424 1721 3506 primum
1781 3441 2112 3506 exponere
2161 3422 2431 3488 decebat
2491 3442 2642 3488 eum

271 3524 527 3592 factum
575 3545 716 3588 esse
764 3530 829 3588 et
873 3529 1101 3588 natum
1147 3527 1313 3589 sicut
1366 3524 1661 3608 singulos
1721 3524 2091 3609 prophetaS,
2148 3530 2212 3589 et
2259 3524 2493 3589 deinde
2539 3527 2641 3588 in-

166 3646 223 3692 30
278 3628 529 3692 ducere
574 3626 771 3692 illud:
841 3649 877 3690 «
910 3627 1091 3690 Misit
1135 3626 1305 3689 Deus
1365 3623 1567 3690 filium
1614 3645 1802 3690 suum
1835 3646 1894 3691 ».
1959 3626 2145 3691 Nunc
2189 3647 2352 3692 vero
2397 3626 2644 3691 Paulus

276 3749 419 3796 non
466 3729 636 3794 dixit
696 3749 845 3795 eum
891 3728 1135 3798 factum
1198 3749 1339 3794 esse
1386 3729 1718 3793 hominem
1764 3734 1828 3793 et
1890 3728 2124 3794 deinde
2179 3733 2465 3813 missum,
2527 3729 2643 3794 sed

276 3850 433 3895 eum
464 3833 731 3894 missum
764 3849 907 3894 esse
939 3835 1003 3894 et
1035 3829 1269 3894 deinde
1300 3828 1577 3894 factum:
1632 3852 1668 3893 «
1701 3830 1880 3894 Misit
1910 3830 2080 3894 Deus
2102 3831 2340 3894 Filium
2365 3850 2552 3895 suum
2580 3853 2640 3914 »,

276 3935 412 4018 qui,
461 3936 535 3996 ut
580 3936 776 4015 patet,
824 3931 1185 3996 exsistebat
1228 3935 1575 4014 antequam
1622 3933 2012 3994 mitteretur.
2061 3930 2300 3995 Omnes
2325 3935 2502 3997 enim
2533 3935 2643 4016 qui

279 4034 597 4098 dicuntur
625 4035 825 4116 missi,
860 4036 1041 4117 prius
1069 4031 1229 4098 facti
1260 4038 1408 4096 sunt
1440 4038 1505 4097 et
1536 4032 1770 4097 deinde
1795 4035 1994 4096 missi.
2029 4033 2434 4118 Impossibile
2467 4037 2642 4099 enim

164 4158 219 4204 35
278 4140 433 4202 erat
478 4155 629 4200 eum
677 4138 845 4199 mitti
891 4138 1000 4220 qui
1032 4134 1247 4200 adhuc
1284 4155 1415 4199 non
1446 4138 1827 4211 exsisteret;
1877 4140 1941 4200 et
1988 4135 2068 4200 de
2099 4139 2359 4201 nemine
2407 4137 2640 4201 horum

276 4239 531 4304 dictum
578 4243 677 4302 est
722 4237 889 4322 quod
934 4241 1169 4302 missus
1198 4237 1399 4303 fuerit
1445 4243 1509 4302 et
1539 4237 1754 4302 factus
1785 4257 1870 4301 ex
1901 4237 2194 4320 muliere,
2228 4239 2644 4322 quemadmo—

278 4342 439 4407 dum
485 4340 730 4406 Paulus
774 4340 883 4406 hic
930 4343 1189 4424 scripsit
1235 4346 1300 4405 et
1345 4340 1513 4405 dixit
1558 4360 1708 4404 eum
1754 4343 2034 4424 primum
2081 4343 2348 4404 missum
2393 4359 2536 4404 esse
2577 4346 2643 4406 et

374 4566 391 4594 ¹
430 4565 576 4619 Ma:
614 4581 647 4614 ‹
674 4563 829 4618 inter
868 4576 973 4618 vos
1000 4579 1067 4624 »ς
1106 4560 1212 4618 etr.
1251 4575 1446 4633 supra,
1480 4577 1539 4632 p.
1563 4563 1615 4615 7.
1658 4590 1724 4601 —
1764 4559 1785 4592 ²
1813 4561 1944 4630 Eph
1966 4599 1980 4628 ‚
2016 4573 2056 4623 1,
2091 4561 2144 4615 4.
2185 4588 2249 4599 —-
2289 4559 2477 4625 ⁸1⁸2„
2511 4571 2553 4623 1.
2588 4559 2644 4614 5.

2687 1711 2741 1767 p.
2782 1695 2908 1750 177.
