3400 5642
190 1567 241 1612 10

187 2073 237 2117 15

1226 485 1676 574 *159*-

287 630 469 694 illum
514 633 585 694 in
632 632 865 714 spiritu
910 635 975 694 et
1021 632 1263 694 vinute
1310 630 1495 694 Eliae
1543 629 1898 715 prophetae
1933 649 1991 692 ».
2055 627 2223 692 Ecce
2270 631 2468 693 etiam
2515 627 2624 691 ille

285 751 401 816 per
424 731 813 796 electionem
844 737 1233 815 segregatus
1262 736 1379 814 est,
1414 737 1497 814 et,
1532 737 1878 815 antequam
1909 728 2098 794 fieret
2128 736 2192 794 et
2220 735 2625 811 nasceretur,

286 835 647 898 honoratus
692 841 791 898 est
820 839 885 898 et
915 839 1187 899 vocatus
1218 840 1315 898 est
1345 835 1497 898 Vox
1528 853 1652 918 qua
1683 833 1973 897 Verbum
2007 832 2432 897 revelandum
2464 839 2627 914 erat,

286 942 349 1000 et
398 936 695 1020 Angelus
756 939 1195 1002 annunciator
1239 937 1463 1020 Regis»,
1526 942 1591 1001 et
1636 936 1844 1001 dictus
1891 941 1989 1000 est
2041 937 2238 1000 etiam
2287 934 2633 1018 replendus

294 1042 531 1123 spiritu
578 1044 643 1103 et
674 1043 919 1102 virtute
951 1039 1135 1103 Eliae
1167 1040 1539 1124 prophetae.
1573 1040 2044 1104 Verumtamen
2075 1041 2274 1102 etiam
2304 1037 2434 1119 ille,
2470 1041 2636 1102 sicut

287 1144 493 1208 ceteri
542 1161 705 1225 quos
750 1144 1213 1223 recensuimus,
1262 1141 1473 1206 factus
1504 1147 1601 1205 est
1646 1161 1794 1206 cum
1824 1160 1956 1204 non
1981 1143 2346 1221 exsisteret,
2381 1145 2444 1203 et
2483 1159 2635 1204 con-

289 1251 513 1327 ceptus
559 1248 625 1309 et
671 1249 865 1310 natus
896 1248 994 1306 est
1025 1263 1109 1308 ex
1142 1244 1405 1308 senibus
1435 1244 1782 1308 sterilibus.
1817 1241 2000 1315 Quod
2031 1245 2086 1306 si
2117 1243 2314 1323 IesuS,
2363 1248 2434 1306 ut
2481 1241 2636 1306 dicit

298 1347 693 1427 haereticus,
740 1345 953 1410 factus
1000 1350 1098 1410 est
1144 1365 1287 1410 cum
1334 1363 1467 1410 non
1490 1349 1840 1409 exsisteret
1871 1347 2036 1409 sicut
2067 1347 2194 1427 isti,
2241 1364 2375 1409 non
2422 1350 2636 1408 autem

291 1469 433 1513 cum
484 1451 857 1530 exsisteret,
883 1450 1133 1532 accepit
1162 1467 1281 1532 pro
1312 1448 1499 1512 nobis
1530 1453 1595 1511 et
1626 1453 1890 1532 propter
1935 1467 2056 1512 nos
2100 1446 2264 1529 fieri,
2314 1447 2378 1512 id
2425 1452 2523 1511 est
2569 1451 2639 1509 ut

301 1554 773 1616 incarnaretur
819 1555 883 1614 et
928 1550 1477 1614 inhumanaretur
1518 1555 1590 1613 ut
1619 1569 1740 1614 nos
1769 1569 2008 1615 novam
2041 1553 2440 1614 creationem
2472 1552 2541 1613 in
2573 1570 2640 1613 se

292 1651 691 1734 ostenderet,
737 1652 905 1716 nihil
952 1649 1169 1716 differt
1214 1652 1297 1715 ab
1344 1652 1643 1716 omnibus
1687 1654 1830 1716 istis
1861 1671 2018 1734 quos
2065 1655 2526 1716 recensuimus,
2560 1652 2641 1714 Et

295 1761 353 1822 si
399 1757 577 1822 dicat
622 1757 806 1821 illum
852 1755 987 1822 *eis
1018 1757 1549 1822 excellentiorem
1598 1777 1739 1822 esse
1780 1757 1946 1841 quod
1978 1761 2294 1822 maiorem
2326 1757 2641 1822 honorem

292 1859 591 1942 donaque
638 1861 1121 1943 praestantiora
1169 1861 1513 1943 acceperit,
1578 1858 1766 1922 donis
1811 1879 2036 1924 eorum
2085 1859 2325 1942 absque
2387 1879 2642 1942 compa-

295 1964 556 2026 ratione
618 1961 821 2026 multo
883 1961 1283 2043 sublimiora,
1354 1963 1519 2025 sciat
1586 1963 1761 2025 inter
1813 1963 1972 2025 istos
2019 1961 2218 2024 alium
2275 1961 2404 2025 alio
2459 1981 2642 2044 supe-

296 2066 545 2128 riorem
586 2083 727 2128 esse
776 2082 1129 2146 eorumque
1176 2063 1345 2128 dona
1386 2062 1564 2127 aliud
1610 2063 1695 2129 ab
1741 2063 1871 2127 alio
1911 2063 2052 2147 plus
2097 2066 2312 2127 minus
2358 2061 2642 2145 differre,

294 2169 627 2229 neminem
678 2185 903 2229 eorum
951 2170 1171 2230 tamen
1217 2171 1483 2249 propter
1526 2165 1651 2229 hoc
1681 2164 1976 2229 habitum
2009 2185 2150 2230 6536
2197 2171 2268 2228 ut
2299 2166 2502 2228 Deum
2533 2170 2646 2229 aut

293 2266 731 2350 adorabilem,
792 2287 917 2332 nec
978 2267 1251 2350 angelos
1309 2287 1433 2332 nec
1484 2268 1782 2332 homines
1827 2270 2036 2333 iussos
2095 2288 2236 2332 esse
2299 2287 2448 2330 eum
2493 2266 2648 2331 ado-

294 2389 473 2452 rare,
522 2373 689 2434 sicut
720 2370 799 2435 de
844 2370 993 2434 Iesu
1047 2377 1273 2435 nostro
1320 2370 1561 2434 dictum
1607 2376 1706 2434 est
1736 2369 1788 2433 ¹:
1844 2391 1880 2433 ‹
1914 2369 2206 2434 Adorent
2244 2390 2392 2433 eum
2423 2389 2648 2433 omnes

304 2472 532 2556 angeli
561 2473 681 2536 Dei
702 2493 764 2555 »,
814 2478 878 2537 et
902 2473 961 2536 2:
1018 2495 1053 2536 «
1084 2473 1324 2537 Coram
1357 2493 1434 2537 6ο
1468 2491 1657 2539 omne
1706 2493 1879 2556 genu
1909 2470 2212 2538 flectatur
2248 2472 2646 2552 caelestium,

298 2579 717 2640 terrestrium
762 2581 829 2639 et
874 2574 1279 2640 infernorum
1315 2597 1371 2639 ».
2189 2563 2194 2568 ‘

385 2677 808 2761 Quapropter
830 2680 886 2740 si
911 2677 1109 2758 IesuS,
1142 2678 1491 2742 secundum
1519 2697 1747 2742 eorum
1771 2681 2180 2761 sententiam,
2207 2697 2426 2742 merus
2457 2678 2650 2742 homo

296 2786 394 2844 est
443 2783 615 2844 sicut
660 2799 827 2844 unus
874 2800 961 2844 ex
1006 2782 1166 2862 istis,
1214 2778 1347 2844 non
1394 2786 1611 2845 autem
1654 2781 1823 2844 Deus
1869 2781 2349 2862 inhumanatuS,
2384 2784 2520 2864 ipse
2553 2783 2651 2842 in—

297 2885 571 2946 venitur
595 2885 921 2966 accepisse
948 2885 1147 2946 etiam
1173 2885 1621 2946 exsistentiam
1646 2888 1912 2966 propter
1934 2902 2071 2964 1163,
2097 2888 2162 2946 et
2192 2882 2430 2965 dignus
2451 2880 2651 2945 fuisse

298 2987 407 3068 qui
456 2984 653 3050 homo
685 2983 873 3048 fieret
918 2990 989 3048 ut
1034 3004 1155 3048 nos
1199 3004 1317 3068 per
1362 3005 1509 3048 eum
1570 2983 1689 3048 filii
1735 2983 2057 3067 fieremuS,
2107 2991 2174 3049 et
2220 2991 2482 3069 propter
2528 2984 2652 3048 hoc

310 3085 843 3150 adnumerandus
868 3093 966 3151 est
989 3106 1119 3151 non
1144 3087 1349 3150 solum
1373 3089 1548 3150 inter
1579 3087 1928 3171 prophetas
1959 3093 2024 3150 et
2055 3090 2276 3170 iustOS,
2311 3085 2424 3150 sed
2455 3089 2652 3150 etiam

300 3190 481 3252 inter
527 3187 659 3252 alia
708 3207 957 3272 genera
1004 3209 1167 3272 quae
1214 3195 1437 3254 creata
1470 3195 1620 3253 sunt
1650 3195 1916 3274 propter
1945 3193 2398 3254 necessitatem
2441 3209 2655 3252 usum-

307 3311 433 3372 que
484 3295 803 3372 nostrum,
853 3296 917 3354 et
964 3293 1161 3354 etiam
1208 3293 1383 3355 inter
1440 3292 1619 3356 cibos
1680 3311 1910 3375 resque
1959 3291 2126 3355 alias
2171 3311 2333 3374 quae
2380 3290 2658 3354 Creator

301 3391 387 3454 ad
443 3395 983 3456 sustentationem
1031 3395 1205 3456 vitae
1252 3399 1515 3457 nostrae
1564 3396 1633 3456 in
1664 3393 1788 3458 hoc
1835 3393 2074 3457 mundo
2121 3392 2424 3458 condidit.
2467 3393 2657 3456 Patet

310 3497 491 3558 enim
538 3493 701 3558 haec
735 3498 954 3559 omnia
991 3494 1168 3560 facta
1200 3515 1361 3578 esse,
1408 3515 1541 3560 non
1574 3503 1838 3580 propter
1869 3516 1956 3577 se,
1991 3496 2106 3560 sed
2136 3501 2400 3580 propter
2429 3499 2654 3578 vitam,

309 3615 502 3660 usum
550 3600 741 3678 atque
772 3599 1225 3661 necessitatem
1260 3598 1613 3680 hominum,
1655 3603 1769 3662 aut
1799 3603 1869 3661 ut
1902 3618 2018 3682 per
2049 3617 2127 3662 ea
2159 3598 2456 3662 homines
2509 3617 2656 3660 eru-

306 3697 613 3761 direntur
660 3697 743 3762 ad
789 3699 990 3762 Deum
1038 3704 1403 3764 creatorem
1450 3700 1970 3783 cognoscendum
2017 3719 2219 3782 eaque
2267 3705 2484 3763 essent
2514 3706 2658 3763 tan-

306 3819 503 3883 quam
550 3799 721 3864 liber
760 3803 823 3864 61
856 3805 965 3885 qui
996 3804 1335 3866 scientiam
1367 3801 1720 3866 humanam
1753 3809 2246 3886 comparaturus
2279 3807 2440 3866 erat.
2475 3801 2659 3874 Quod

306 3905 365 3964 si
412 3905 672 3966 ratione
720 3908 786 3967 et
832 3923 1130 3967 sermone
1177 3903 1475 3986 praedita
1522 3911 1757 3988 essent,
1807 3904 2031 3968 forsan
2077 3903 2544 3969 confiterentur
2589 3923 2658 3967 56

312 4007 411 4068 613
459 4009 725 4088 propter
772 4026 929 4089 quos
975 4005 1150 4070 facta
1198 4012 1364 4086 sunt,
1415 4005 1481 4069 id
1528 4011 1644 4088 est,
1693 4007 2082 4090 hominibuS,
2134 4010 2384 4091 gratias
2437 4025 2656 4089 agere.

310 4105 787 4170 Verum-tamen
832 4109 903 4170 in
949 4107 1079 4171 alio
1112 4126 1305 4171 sensu
1336 4108 1579 4172 Paulus
1618 4108 1696 4172 de
1731 4111 1826 4172 eis
1855 4127 1976 4173 nos
2008 4108 2308 4189 erudivit,
2359 4107 2654 4170 dicens3:

320 4229 356 4269 «
389 4206 475 4270 Et
520 4209 660 4290 ipsa
709 4213 1015 4272 creatura
1060 4208 1451 4272 liberabitur
1496 4229 1536 4274 a
1582 4213 1897 4274 servitute
1959 4212 2414 4294 corruptioniS,
2469 4212 2540 4272 in
2585 4209 2664 4272 li-

308 4310 636 4374 bertatem
662 4310 913 4394 gloriae
943 4309 1225 4376 filiorum
1252 4312 1370 4375 Dei
1395 4332 1469 4388 »;
1504 4331 1676 4394 nam,
1704 4311 2238 4396 quemadmodum
2264 4315 2435 4376 ratio
2467 4312 2664 4376 culmi

408 4537 424 4564 ¹
464 4535 659 4602 Hebr„
697 4548 735 4598 1,
774 4535 825 4588 6.
862 4565 933 4574 -
970 4533 992 4566 ²
1018 4532 1306 4602 Philipp„
1344 4548 1405 4596 11,
1447 4535 1529 4589 10.
1564 4563 1633 4574 --
1674 4533 1695 4564 ³
1721 4536 1908 4596 Rom..
1945 4547 2068 4596 vm,
2104 4535 2190 4588 21.

2694 1776 2756 1831 p.
2783 1761 2907 1816 214.
