3400 5642
1735 538 2182 626 «(190»-

789 682 1187 746 tellexerunt
1218 702 1287 746 se
1319 684 1389 745 in
1422 680 1718 746 eamdem
1747 685 2150 766 impietatem
2179 683 2334 766 labi,
2375 703 2454 748 eo
2485 682 2653 767 quod
2707 684 2930 749 dicunt
2972 685 3142 749 Ver—

791 784 941 847 bum
975 803 1241 848 carnem
1272 803 1405 847 non
1436 783 1681 848 factum
1713 803 1876 867 esse,
1903 783 2017 850 sed
2040 805 2308 850 carnem
2331 784 2574 850 factam
2597 805 2740 850 esse
2765 791 2830 849 et
2855 807 2894 850 a
2916 786 3142 851 Verbo

792 885 1230 970 assumptam?
1279 884 1347 950 Si
1394 905 1550 950 caro
1598 889 1663 950 ei
1707 885 1884 952 facta
1929 907 2065 951 non
2109 893 2226 969 est,
2275 887 2344 951 id
2389 893 2506 970 est,
2569 890 2627 952 si
2687 907 2821 952 non
2881 894 2979 952 est
3039 891 3142 952 in-

790 995 1119 1070 carnatuS‚
1168 987 1281 1052 sed
1328 1007 1484 1052 caro
1531 986 1708 1052 facta
1755 994 1854 1052 est
1901 987 2015 1052 alii
2062 989 2314 1053 homini
2357 1009 2546 1072 quem
2592 989 2884 1054 Verbum
2915 996 3140 1074 postea

792 1093 1154 1174 assumpsit,
1204 1110 1439 1174 corpus
1485 1096 1583 1154 est
1630 1094 1950 1174 possessio
1997 1091 2190 1154 huius
2233 1092 2562 1173 hominis,
2625 1094 2732 1174 qui
2777 1092 3000 1157 Verbo
3045 1090 3140 1156 fa-

790 1192 1071 1256 miliaris
1114 1196 1370 1256 tantum
1416 1197 1515 1256 est
1560 1195 1728 1256 sicut
1774 1192 2044 1276 quilibet
2091 1212 2127 1256 e
2174 1195 2379 1275 iustiS,
2427 1212 2549 1258 nec
2597 1213 2832 1277 corpus
2877 1192 2961 1258 ad
2992 1214 3140 1278 per-

789 1313 1017 1358 sonam
1063 1294 1271 1358 Verbi
1314 1297 1613 1377 pertinet.
1664 1293 1915 1378 Corpus
1961 1300 2175 1358 autem
2225 1297 2606 1377 agnoscitur
2649 1314 2808 1358 vere
2855 1294 2940 1360 ad
2969 1296 3138 1359 Ver-

790 1397 963 1479 bum,
1011 1395 1079 1459 id
1126 1402 1241 1470 est,
1290 1394 1376 1460 ad
1423 1415 1770 1479 personam
1816 1399 1958 1460 eius
2005 1400 2354 1480 pertinere,
2403 1399 2462 1460 si
2492 1396 2708 1460 credis
2739 1400 2944 1481 ipsum
2977 1418 3139 1462 vere

789 1500 1120 1563 hominem
1169 1497 1415 1564 factum
1461 1519 1603 1562 esse
1652 1500 1894 1581 absque
1941 1502 2320 1564 mutatione.
2367 1499 2649 1581 Etenim,
2676 1503 2886 1564 omnis
2923 1500 3137 1579 hom0,

790 1621 877 1664 ex
922 1620 1002 1666 eo
1049 1599 1217 1683 quod
1262 1599 1478 1666 factus
1524 1605 1641 1683 est,
1689 1620 1824 1665 non
1869 1620 2030 1665 vero
2077 1621 2164 1664 ex
2203 1621 2281 1665 eo
2313 1600 2482 1684 quod
2511 1621 2746 1685 corpus
2776 1605 2846 1664 in
2875 1605 3139 1666 nomine

791 1700 1063 1766 alterius
1110 1699 1465 1764 formatum
1513 1704 1783 1766 assumit
1828 1707 1894 1765 et
1939 1721 2127 1765 suum
2188 1701 2366 1783 facit,
2429 1704 2846 1766 existimatur
2905 1722 3141 1786 corpus

790 1803 1053 1868 habere.

878 1906 966 1968 At
1012 1906 1351 1987 haeretici,
1400 1908 1549 1989 quia
1596 1909 1778 1970 caeci
1823 1911 1994 1988 sunt,
2043 1912 2126 1988 et,
2176 1907 2715 1990 quemadmodum
2760 1907 2840 1972 de
2885 1910 2983 1972 eis
3043 1907 3140 1971 di-

790 2015 964 2073 ctum
1011 2013 1109 2072 est
1140 2008 1177 2090 ¹,
1228 2007 1491 2092 palpant
1536 2011 1824 2092 parietes
1868 2014 1939 2072 ut
1985 2013 2184 2084 caeci,
2219 2015 2285 2074 et
2315 2015 2596 2093 tangunt
2627 2009 2805 2074 aliud
2836 2029 2953 2094 pro
2985 2010 3138 2092 alio,

788 2116 855 2175 et
902 2109 1235 2175 offendunt
1279 2114 1349 2175 in
1396 2112 1884 2175 inventionibus
1931 2115 2084 2193 suiS,
2133 2117 2197 2176 et
2243 2117 2314 2175 ut
2361 2116 2662 2176 errantes
2686 2113 2710 2153 2
2751 2115 3142 2176 irretiuntur

790 2213 1021 2297 laqueo
1068 2216 1394 2296 opinionis
1438 2233 1615 2295 suae,
1664 2219 1731 2277 et
1775 2216 1900 2298 ipsi
1945 2217 2292 2298 capiuntur
2337 2220 2477 2278 rete
2525 2233 2647 2296 quo
2679 2215 2906 2278 volunt
2939 2215 3139 2278 alium

791 2335 1061 2399 capere:
1100 2336 1137 2378 ‹
1170 2313 1360 2397 Sane,
1396 2316 1617 2397 aiunt,
1652 2315 2042 2380 confiteatur
2073 2319 2213 2400 quis
2237 2317 2440 2380 Deum
2463 2335 2551 2380 ex
2574 2316 2787 2380 Maria
2811 2317 3140 2380 homiuem

792 2421 1137 2502 sumpsisse
1172 2439 1232 2499 7»,
1268 2438 1539 2502 eumque
1570 2438 1658 2482 ex
1690 2417 1940 2482 duabus
1973 2421 2230 2482 naturis
2261 2424 2583 2500 constare,
2617 2437 2704 2482 ex
2735 2423 3139 2501 assumptore

792 2527 857 2585 et
904 2525 1251 2605 assumpto,
1300 2524 1469 2586 sicut
1512 2521 1845 2605 Eutyches
1872 2521 1895 2564 3
1943 2523 2265 2604 opinatur.
2315 2521 2504 2602 Ecce,
2554 2541 2592 2586 o
2639 2521 2852 2603 stulte,
2900 2524 3008 2604 qui
3045 2524 3141 2585 ita

793 2625 989 2688 sentit
1036 2626 1331 2707 sequitur
1376 2623 1761 2707 Eutychetis
1807 2626 2217 2705 sententiam,
2251 2629 2317 2686 et
2347 2628 2568 2706 negat,
2615 2626 2782 2688 sicut
2827 2623 2956 2707 ille,
2996 2642 3142 2687 cor-

723 2783 735 2795 .
792 2725 1208 2812 poralitatem
1256 2727 1389 2788 Dei.
1439 2725 1605 2790 Nam
1652 2728 1710 2790 si
1755 2726 1926 2790 Deus
1984 2745 2118 2790 non
2179 2725 2470 2791 creditur
2516 2726 2710 2790 homo
2755 2725 2984 2808 factm,
3039 2725 3143 2788 *et

796 2828 1033 2893 exinde
1083 2849 1317 2914 corpus
1364 2829 1706 2905 habuisse;
1757 2832 1815 2892 si
1859 2828 2060 2892 alium
2106 2829 2433 2892 hominem
2480 2833 2745 2912 putatur
2775 2832 3142 2912 sumpsisse,

793 2951 1027 3016 corpus
1072 2934 1409 2996 invenitur
1454 2951 1595 2996 esse
1644 2933 1944 3013 hominis,
1992 2951 2125 2996 non
2157 2931 2292 2994 Dei.
2349 2930 2682 3002 Quomodo
2714 2931 2839 2995 hac
2886 2933 3143 2994 ratione

792 3034 1223 3118 corporalitas
1270 3033 1757 3098 adscriberetur
1819 3033 1993 3097 Deo?
2055 3032 2390 3104 Quomodo
2449 3053 2684 3117 corpus
2742 3033 3146 3096 tribueretur

793 3138 926 3202 Deo
974 3139 1139 3201 sicut
1186 3136 1452 3200 cuilibet
1498 3136 1767 3217 homini,
1817 3138 1874 3198 si
1919 3136 2089 3200 Deus
2121 3140 2463 3218 putaretur
2514 3135 2844 3198 hominem
2898 3154 3143 3198 assum-

794 3243 997 3323 psisse
1046 3245 1113 3303 et
1156 3241 1226 3302 in
1274 3237 1523 3302 duabus
1570 3241 1828 3302 naturis
1876 3237 2388 3321 agnosceretur?
2433 3238 2518 3302 Et
2549 3243 2638 3319 tn,
2672 3238 3024 3318 haeretice,
3059 3240 3146 3300 si-

794 3347 901 3406 cut
934 3341 1287 3426 Eutyche3‚
1324 3360 1589 3405 carnem
1626 3360 1665 3404 a
1698 3341 1832 3404 Deo
1863 3339 2146 3404 evellisti
2176 3345 2248 3404 ut
2279 3340 2396 3404 alii
2417 3341 2668 3404 homini
2691 3343 3142 3422 coniungeres,

794 3443 911 3507 Ille
960 3463 1229 3508 carnem
1272 3447 1495 3525 negat,
1546 3444 1695 3525 quia
1743 3461 1887 3505 cum
1937 3441 2082 3505 illo:
2121 3463 2157 3504 «
2192 3441 2483 3506 Verbum
2515 3459 2672 3506 caro
2704 3440 2948 3505 factum
2979 3446 3140 3505 est»

798 3565 929 3609 non
976 3543 1325 3609 confitetur
1369 3547 1568 3608 etiam
1613 3544 1906 3608 Verbum
1953 3563 2040 3607 ex
2085 3544 2364 3626 Virgine
2419 3542 2660 3606 factum
2724 3562 2885 3624 esse,
2949 3548 3014 3606 et
3061 3563 3148 3606 ex

794 3668 876 3712 ea
922 3667 1081 3712 vere
1128 3666 1271 3710 esse
1320 3666 1555 3730 corpus
1600 3648 1762 3728 eiuS,
1812 3645 2350 3729 quemadmodum
2395 3665 2629 3728 corpus
2659 3643 3001 3708 cuiuslibet
3032 3645 3150 3708 ho-

802 3753 997 3814 minis
1042 3770 1129 3814 ex
1177 3755 1386 3814 matre
1434 3753 1575 3814 eius
1612 3755 1726 3813 est.
1779 3749 1874 3812 Tu
1907 3754 2124 3812 autem
2157 3750 2358 3813 Deum
2392 3769 2664 3834 corpore
2697 3748 2966 3814 fraudas
2997 3751 3148 3832 quia

798 3856 1005 3916 sentis
1048 3872 1183 3917 non
1230 3852 1523 3916 Verbum
1568 3851 1812 3916 factum
1859 3871 2002 3916 esse
2049 3871 2336 3934 carnem,
2385 3851 2500 3916 sed
2551 3871 2838 3933 carnem,
2901 3850 2968 3914 id
3029 3856 3148 3932 est,

800 3956 1145 4036 hominem,
1196 3959 1487 4019 creatam
1534 3973 1675 4018 esse
1725 3958 1789 4016 et
1834 3953 2056 4018 Verbo
2105 3953 2499 4018 adhaesisse.
2549 3953 2675 4018 Sed
2715 3957 2771 4018 si
2803 3954 2998 4018 homo
3031 3960 3149 4035 est,

798 4061 907 4140 qui
951 4056 1164 4121 factus
1210 4064 1309 4121 est
1354 4077 1502 4121 cum
1546 4075 1675 4121 non
1724 4059 2101 4132 exsisteret;
2152 4059 2209 4121 si
2255 4057 2443 4138 DeuS,
2477 4060 2586 4140 qui
2625 4062 2743 4140 est,
2775 4077 2908 4120 non
2939 4055 3152 4120 factus

796 4165 896 4222 est
942 4160 1136 4224 homo
1184 4159 1351 4243 quod
1396 4179 1529 4224 non
1575 4164 1742 4240 erat,
1790 4178 1946 4224 caro
1993 4158 2078 4223 ad
2124 4179 2273 4223 eum
2315 4163 2423 4244 qui
2452 4159 2665 4224 factus
2695 4165 2812 4240 est,
2847 4161 3148 4243 pertinet,

796 4260 864 4323 id
911 4265 1029 4342 est,
1078 4261 1161 4325 ad
1212 4261 1563 4344 hominem,
1612 4281 1746 4325 non
1793 4261 1876 4324 ad
1923 4262 2144 4325 Deum.
2196 4261 2376 4326 Tunc
2420 4261 2696 4326 verbum
2741 4260 2902 4324 illud
2935 4281 2971 4322 ‹<
3005 4279 3150 4324 cor-

892 4499 908 4526 ¹
948 4497 1030 4552 Cf.
1076 4497 1159 4561 ls.‚
1210 4511 1330 4560 1211,
1382 4501 1464 4554 10.
1504 4531 1571 4538 -
1609 4499 1631 4531 ²
1669 4503 1940 4555 Fortasse
1989 4500 2324 4568 legendum:
2361 4519 2391 4553 ι
2416 4501 2564 4556 sicut
2611 4499 2852 4572 pueri».
2893 4529 2959 4540 —
2999 4497 3019 4528 ³
3057 4499 3150 4554 Sic

798 4595 935 4643 mS.;
972 4589 1281 4636 contextus
1318 4597 1463 4638 vero
1503 4601 1533 4635 κ
1558 4585 1860 4640 Nestorius
1887 4604 1920 4636 >›
1958 4585 2254 4655 postulare
2291 4585 2540 4642 videtur.

3201 1621 3257 1666 10

3199 2131 3254 2176 15

3199 3155 3258 3200 25

3205 4178 3264 4220 35
