3400 5642
389 4091 445 4147 p.
475 4076 601 4131 246.

1606 548 2056 636 «(182)»

746 692 931 766 Quod
976 696 1033 757 si
1079 693 1249 758 Deus
1295 699 1508 777 posset
1561 692 1708 758 fieri
1761 693 1955 758 homo
2001 713 2088 756 ex
2142 714 2220 758 eo
2267 694 2436 778 quod
2489 695 2682 760 homo
2737 696 3004 780 quilibet

657 800 851 860 natus
872 798 975 877 sit,
1011 794 1287 860 fortasse
1321 796 1405 859 ab
1436 797 1625 860 initio
1670 795 1894 859 mundi
1940 815 2086 860 cum
2126 815 2522 881 quocumque
2578 797 2840 862 homine
2885 819 3004 863 na-

658 904 877 963 scente
923 897 1134 962 factus
1180 902 1351 962 esset
1397 897 1622 975 homo;
1672 901 1777 961 sin
1824 917 1968 962 cum
2002 898 2318 981 omnibus,
2353 899 2586 964 saltem
2615 919 2762 965 cum
2793 904 3003 984 primo

658 1000 921 1064 homine
968 1001 1076 1081 qui
1134 1018 1309 1063 nova
1370 998 1762 1064 formatione
1826 999 2184 1064 honoratus
2245 1006 2360 1065 est.
2425 1001 2509 1064 Et
2555 1005 2611 1065 si
2666 1007 2998 1066 asserunt:

658 1101 779 1166 Hic
827 1103 1064 1185 absque
1112 1104 1419 1186 coniugio
1481 1108 1829 1186 conceptus
1889 1107 2005 1183 est,
2069 1107 2135 1165 et
2196 1102 2320 1167 hac
2373 1102 2454 1167 de
2515 1123 2714 1168 causa
2761 1107 2832 1166 in
2887 1125 3005 1168 na-

656 1205 913 1267 tivitate
947 1205 1089 1267 eius
1134 1203 1304 1267 Deus
1349 1203 1589 1268 dicitur
1631 1203 1877 1279 factus3
1927 1223 2079 1268 ecce
2127 1209 2191 1267 et
2237 1203 2526 1269 Adamus
2573 1212 2638 1269 et
2676 1206 2816 1269 Eva
2863 1209 3004 1269 sine

658 1308 963 1388 coniugio
1010 1308 1220 1370 creati
1264 1312 1431 1387 sunt,
1480 1325 1602 1370 cur
1642 1325 1776 1369 non
1809 1305 2050 1369 dictum
2097 1311 2194 1370 est
2239 1305 2349 1370 *in
2393 1324 2622 1370 eorum
2667 1309 3000 1371 creatione

659 1408 860 1471 Deum
906 1406 1151 1471 factum
1198 1427 1339 1472 esse
1372 1407 1746 1472 hominem?
1795 1407 1861 1470 Si
1889 1427 2024 1472 non
2070 1407 2341 1472 decebat
2375 1429 2522 1472 eum
2555 1428 2780 1473 omnes
2817 1414 3008 1472 natos

659 1529 1011 1591 assumere,
1061 1512 1511 1593 assumpsisset
1556 1509 1788 1574 saltem
1833 1509 2076 1574 electos
2121 1515 2186 1573 et
2218 1515 2493 1592 sanctos,
2543 1513 2650 1594 qui
2696 1513 2904 1575 creati
2941 1516 3008 1574 et

658 1614 799 1676 nati
844 1617 994 1675 sunt
1039 1614 1228 1675 vario
1276 1611 1465 1675 modo
1497 1632 1613 1696 per
1646 1615 2126 1695 generationes,
2176 1612 2259 1675 Et
2289 1612 2440 1676 inde
2473 1622 2874 1696 sequeretur,
2907 1633 3008 1676 se-

659 1713 939 1779 cundum
986 1733 1227 1778 vanam
1275 1713 1758 1778 haereticorum
1790 1713 2098 1796 fabulam,
2134 1715 2332 1778 Deum
2365 1734 2498 1778 non
2529 1734 2661 1778 una
2691 1718 2838 1779 vice
2861 1720 3010 1779 tan-

658 1823 792 1881 tum
826 1816 941 1881 sed
964 1817 1226 1900 plurieS,
1250 1818 1329 1881 id
1350 1822 1451 1883 est
1470 1837 1617 1881 cum
1642 1817 1942 1882 omnibus
1973 1820 2176 1900 iustiS,
2204 1816 2448 1882 factum
2479 1837 2620 1882 esse
2654 1817 3002 1883 hominem.

658 1918 741 1981 Et
787 1938 923 2000 cur,
973 1938 1012 1983 o
1058 1918 1315 2003 stupidi,
1364 1918 1521 1982 dicit
1559 1919 1802 1982 Paulus
1836 1919 1884 1982 ¹:
1941 1939 1976 1982 «
2010 1918 2096 1981 At
2127 1919 2238 1983 ubi
2268 1921 2450 1982 venit
2481 1918 2811 2002 plenitudo
2843 1925 3010 1982 tem-

658 2024 854 2105 poriS,
904 2024 1078 2084 misit
1125 2021 1293 2084 Deus
1337 2020 1573 2085 Filium
1622 2041 1827 2103 suum,
1860 2021 2106 2086 factum
2151 2041 2238 2086 ex
2271 2021 2563 2103 muliere,
2613 2020 2859 2086 factum
2889 2022 3008 2085 sub

658 2122 825 2206 lege,
874 2130 945 2187 ut
991 2143 1103 2187 eos
1149 2126 1257 2206 qui
1288 2124 1407 2186 sub
1438 2123 1585 2206 lege
1616 2129 1809 2187 erant
1843 2123 2213 2205 redimeret,
2263 2129 2333 2186 ut
2379 2122 2793 2206 adoptionem
2839 2121 3006 2187 filio-

659 2246 804 2290 rum
874 2225 1356 2311 reciperemus?
1390 2247 1427 2288 »
1492 2225 1618 2290 Sed
1677 2226 2072 2310 respondent
2133 2227 2535 2292 adversarii
2549 2245 2564 2290 τ
2631 2225 3004 2310 Assumptio

658 2329 851 2392 huius
898 2329 1181 2394 hominis
1224 2334 1478 2393 tantum
1523 2329 1696 2394 dicta
1732 2335 1828 2394 est
1873 2333 2188 2394 nativitas
2221 2331 2356 2412 Dei,
2403 2336 2474 2393 ut
2507 2329 2614 2394 hic
2650 2331 2858 2394 homo
2891 2349 3010 2412 per

658 2431 839 2495 illam
887 2431 1328 2496 honoraretur
1370 2437 1435 2495 et
1468 2435 1833 2498 exinanitio
1866 2433 1982 2496 Dei
2015 2432 2446 2496 revelaretur.
2481 2430 2608 2496 Sed
2639 2451 2809 2514 ecce,
2836 2432 3007 2494 Deus

657 2537 861 2598 iustos
906 2533 1160 2616 multos,
1207 2540 1278 2597 ut
1325 2555 1519 2619 saepe
1566 2535 1809 2598 dictum
1856 2540 1971 2616 est,
2018 2537 2090 2597 in
2136 2534 2434 2599 omnibus
2475 2533 3009 2616 generationibus

658 2637 859 2719 elegit
906 2642 971 2700 et
1018 2640 1377 2720 assumpsit.
1413 2635 1549 2700 Cur
1577 2656 1742 2721 ergo
1772 2656 1904 2700 non
1937 2636 2176 2700 dictum
2209 2643 2308 2700 est
2338 2635 2508 2720 apud
2539 2655 3002 2720 quemcumque

658 2739 893 2803 horum
940 2738 1141 2802 Deum
1186 2738 1431 2803 factum
1477 2759 1619 2803 esse
1667 2739 2016 2822 hominem,
2077 2744 2190 2803 aut
2233 2759 2302 2802 se
2351 2741 2728 2803 exinanisse
2790 2743 2854 2802 et
2901 2757 3006 2802 as-

658 2845 1003 2925 sumpsisse
1050 2841 1330 2905 formam
1376 2845 1572 2924 servi,
1606 2848 1721 2906 aut
1751 2841 2138 2906 ditissimum
2169 2841 2413 2906 factum
2444 2861 2586 2905 esse
2633 2861 3003 2925 pauperem,

658 2948 770 3008 aut
817 2942 1221 3007 Altissimum
1266 2963 1335 3007 se
1383 2943 1803 3008 humiliasse?
1851 2942 2034 3015 Quod
2081 2947 2136 3007 si
2183 2943 2403 3008 dicant
2448 2943 2622 3007 hunc
2675 2942 3005 3006 hominem

657 3051 923 3130 propter
968 3048 1281 3110 iustitiam
1329 3066 1511 3110 suam
1560 3052 1629 3110 et
1673 3050 1958 3130 gratiam
2005 3049 2068 3110 ei
2129 3065 2522 3128 concessam,
2573 3048 2890 3109 maiorem
2936 3050 3005 3108 et

657 3148 1102 3212 sublimiorem
1147 3147 1347 3212 fuisse
1394 3151 1633 3212 ceteris
1678 3148 1994 3231 omnibuS,
2045 3151 2254 3213 sciant
2302 3153 2366 3212 et
2413 3151 2616 3212 iustos
2662 3147 2826 3211 alios
2850 3146 3000 3210 aliis

658 3249 1159 3314 excellentiores
1204 3249 1426 3333 fuisse,
1473 3271 1606 3315 non
1638 3250 1846 3315 solum
1908 3251 2120 3334 quoad
2179 3250 2582 3314 voluntatem
2614 3268 2842 3313 eorum
2888 3247 3001 3312 sed

657 3355 856 3416 etiam
901 3357 1168 3436 propter
1213 3352 1383 3418 dona
1431 3359 1715 3437 accepta.
1766 3353 1850 3418 Et
1894 3356 1950 3416 si
1981 3354 2334 3437 assumptio
2365 3351 2542 3415 illius
2572 3351 2856 3415 hominis
2889 3370 3008 3414 na-

655 3456 881 3517 tivitas
927 3454 1044 3517 Dei
1090 3456 1465 3519 existimata
1511 3461 1609 3518 est
1654 3458 1806 3539 quia
1853 3457 2102 3519 iustitia
2149 3457 2292 3519 eius
2344 3454 2623 3518 aliorum
2685 3455 3001 3516 iustitiam

656 3557 1025 3640 superabat,
1074 3557 1182 3621 hic
1228 3556 1389 3621 ordo
1436 3559 1635 3621 etiam
1682 3557 1853 3641 apud
1900 3557 2064 3621 alios
2111 3555 2471 3621 servandus
2517 3562 2705 3620 esset.

744 3656 877 3722 Res
925 3663 1140 3722 autem
1186 3660 1281 3720 ita
1328 3678 1397 3722 se
1428 3677 1561 3722 non
1593 3657 1824 3734 habet;
1875 3657 1986 3722 sed
2020 3657 2555 3741 quemadmodum
2601 3659 2671 3720 in
2723 3676 2760 3721 «
2791 3654 2938 3720 fieri
2963 3677 2998 3719 »

656 3761 942 3824 cuiusvis
973 3759 1274 3841 hominiS,
1308 3760 1501 3825 homo
1527 3763 1910 3843 agnoscitur
1932 3758 2099 3843 quod
2123 3761 2260 3842 ipse
2286 3759 2480 3823 homo
2511 3757 2601 3841 fit,
2628 3778 2760 3822 non
2785 3763 3002 3822 autem

657 3860 823 3945 quod
856 3861 1024 3925 alius
1053 3860 1126 3926 fit
1154 3865 1222 3924 in
1254 3863 1449 3927 huius
1498 3883 1535 3924 «
1566 3861 1715 3927 fieri
1748 3885 1805 3944 »,
1855 3865 1946 3926 ita
1980 3862 2116 3926 his:
2172 3883 2208 3925 «
2241 3862 2532 3926 Verbum
2565 3882 2722 3926 caro
2754 3861 2996 3926 factum

657 3968 846 4045 est»,
895 3963 1238 4028 didicimus
1283 3968 1492 4049 ipsum
1538 3963 1783 4030 factum
1829 3985 1972 4029 esse
2035 3985 2155 4049 pro
2199 3965 2408 4046 nobiS,
2456 3984 2589 4029 non
2634 3983 2796 4028 vero
2843 3962 3004 4027 alte-

656 4085 801 4129 rum
848 4065 1092 4130 factum
1140 4087 1281 4132 esse
1328 4074 1394 4133 et
1439 4073 1837 4152 assumptum
1891 4071 1962 4132 in
2027 4087 2062 4130 ⁴<
2097 4065 2243 4131 fieri
2276 4088 2337 4150 7»,
2391 4067 2553 4131 *nec
2603 4088 2639 4130 «
2671 4065 2820 4132 fieri
2849 4087 2886 4130 »
2939 4070 3006 4128 et

656 4171 1159 4252 assumptionem
1185 4169 1458 4234 alterius
1480 4169 1704 4234 Verbo
1733 4172 1998 4234 nomine
2028 4175 2283 4234 tantum
2313 4170 2560 4242 tributa
2593 4189 2754 4234 esse.
2792 4166 3006 4251 Scrip-

653 4275 804 4334 tura
850 4276 1095 4354 sancta,
1145 4274 1253 4336 cui
1296 4273 1619 4356 imprimis
1648 4270 2044 4336 credendum
2091 4278 2207 4355 est,
2256 4292 2575 4356 nusquam
2618 4291 2740 4336 nos
2786 4271 3004 4334 docuit

655 4371 855 4435 Deum
903 4373 1145 4438 factum
1209 4394 1348 4438 esse
1414 4374 1743 4438 hominem
1805 4376 1933 4437 nisi
1979 4394 2126 4438 cum
2185 4373 2374 4440 fieret
2429 4393 2513 4438 ex
2575 4375 2876 4457 Virgine.
2925 4373 3008 4436 Et

745 4594 761 4622 ¹
806 4595 959 4656 Gal„
993 4608 1075 4656 ιν,
1113 4593 1162 4648 4.

3065 1637 3124 1681 10

3061 2146 3120 2191 15
