3400 5642
1603 455 2055 541 «168»-

655 603 830 664 enim
876 604 1199 664 sententia
1245 600 1521 664 fortasse
1570 599 1649 663 de
1697 603 1855 687 ipsis
1914 599 2088 664 dicta
2135 606 2252 684 est,
2316 622 2402 665 ex
2449 605 2759 667 universa
2813 603 3007 667 domo

584 753 599 768 .
655 702 849 766 Iacob
896 702 1057 766 duas
1102 702 1314 766 tribus
1367 707 1638 784 tantum,
1688 701 1888 766 Iudae
1949 703 2199 767 scilicet
2257 701 2362 768 *et
2417 705 2820 769 Beniaminis
2877 706 3008 770 sibi

656 804 875 888 elegit.
924 805 1043 868 His
1089 803 1406 889 praefecit
1452 825 1647 888 reges
1692 825 1780 868 ex
1810 804 2063 870 familia
2098 804 2306 898 David
2337 809 2463 890 qui,
2513 828 2550 871 e
2595 808 2770 904 tribu
2805 807 3006 872 Iudae

656 906 988 988 oriunduS,
1036 910 1106 970 in
1152 905 1367 990 figura
1414 907 1539 970 sibi
1586 905 2053 972 aedificaverat
2111 910 2444 973 civitatem
2491 929 2764 994 parvam
2823 909 3008 974 Ieru-

656 1008 859 1072 salem
906 1009 1017 1072 ubi
1063 1012 1275 1107 posuit
1304 1008 1613 1073 thronum
1662 1011 1920 1092 imperii
1950 1011 2052 1072 sui
2097 1015 2162 1074 et
2193 1013 2666 1075 successionem
2712 1010 3007 1091 familiae

656 1129 845 1185 suae;
897 1116 961 1174 et
1009 1113 1114 1174 cui
1159 1097 1600 1174 testimonium
1649 1110 1818 1174 Deus
1857 1108 2051 1193 dedit,
2086 1111 2387 1176 dicens¹z
2441 1133 2478 1175 ‹
2515 1115 2742 1177 Inveni
2773 1113 3005 1196 David,

655 1210 860 1275 filium
905 1212 1099 1295 Iesse,
1146 1216 1363 1277 virum
1410 1213 1764 1278 secundum
1809 1235 1926 1279 cor
1969 1234 2204 1297 meum,
2239 1217 2347 1298 qui
2391 1214 2591 1280 faciet
2637 1235 2862 1279 omnes
2881 1229 3008 1278 ‘vo-

656 1316 940 1380 luntates
964 1336 1145 1380 meas
1170 1336 1227 1379 ».
1264 1315 1389 1380 Sed
1420 1336 1627 1399 neque
1662 1317 1787 1380 hoc
1819 1315 2206 1399 aedificium,
2241 1316 2406 1401 quod
2431 1337 2550 1402 pro
2580 1316 3008 1382 fundamento

656 1418 887 1482 habuit
930 1421 1147 1482 virum
1194 1421 1434 1482 iustum
1481 1423 1589 1502 qui
1634 1425 1905 1483 vocatus
1951 1439 2022 1484 es
2083 1439 2200 1484 cor
2244 1420 2380 1500 Dei,
2442 1423 2896 1484 inconcussum
2943 1424 3008 1483 et

658 1520 933 1584 solidum
980 1527 1047 1585 et
1092 1523 1539 1605 incorruptum
1584 1541 1974 1607 permanere
2006 1525 2229 1606 potuit.
2265 1521 2444 1587 Haec
2489 1542 2651 1587 vero
2697 1525 2789 1586 ita
2837 1525 3010 1586 acci-

658 1622 895 1688 derunt
939 1643 1071 1687 non
1120 1623 1286 1708 quod
1332 1623 1597 1688 Artifex
1642 1627 1982 1709 imperitus
2043 1630 2188 1689 erat
2245 1631 2356 1689 aut
2401 1626 2734 1689 nesciebat
2780 1625 3007 1690 fodere

658 1731 723 1790 et
771 1726 904 1790 alta
951 1725 1375 1791 fundamenta
1423 1747 1618 1812 super
1662 1734 1915 1812 petram
1962 1732 2201 1809 iacere,
2251 1727 2364 1792 sed
2410 1731 2560 1812 quia
2621 1727 2888 1812 lapideS,
2938 1731 3007 1790 in

658 1827 1099 1893 fundamentis
1144 1832 1354 1913 positi,
1404 1849 1489 1893 ex
1536 1836 1753 1894 monte
1801 1833 2010 1914 primo
2043 1837 2106 1894 et
2152 1836 2378 1894 vetere
2425 1831 2696 1895 humani
2744 1834 3011 1914 generis

658 1936 899 1994 natura
947 1932 1217 1995 abscissi
1264 1937 1473 2014 erant,
1522 1937 1587 1996 et
1633 1932 1937 1997 debilitas
1997 1935 2068 1995 in
2113 1936 2361 1996 iustitia
2407 1932 2869 2018 inclinatioque
2927 1931 3010 1996 ad

660 2039 995 2118 peccatum
1042 2054 1175 2099 non
1221 2034 1426 2098 solum
1474 2034 1748 2117 AdamO,
1797 2033 1910 2099 sed
1955 2037 2154 2099 etiam
2186 2039 2307 2098 toti
2340 2039 2570 2120 generi
2603 2055 2688 2099 ex
2735 2026 2813 2099 eo
2862 2054 3010 2119 pro·

660 2142 920 2221 pagato,
962 2137 1415 2201 inhaerebant.
1451 2136 1879 2222 Quapropter,
1914 2141 2172 2202 etiamsi
2204 2141 2358 2202 iusti
2387 2137 2703 2220 nonnulli,
2754 2140 2864 2221 qui
2894 2157 3013 2220 per

660 2259 968 2322 magnam
1001 2237 1449 2303 fortitudinem
1482 2246 1547 2303 et
1578 2239 1877 2304 laborum
1909 2243 2410 2324 perpessionem,
2445 2260 2577 2303 non
2611 2245 2829 2304 autem
2859 2242 3012 2323 quia

660 2347 898 2406 natura
948 2341 1030 2406 ad
1076 2341 1242 2406 haec
1287 2341 1483 2407 facile
1528 2343 1800 2408 tendere
1863 2345 2058 2426 cupit,
2104 2345 2175 2405 in
2221 2345 2470 2405 iustitia
2524 2347 2590 2404 et
2636 2327 3011 2425 cognitione

661 2445 778 2509 Dei
826 2450 1225 2527 manserunt,
1274 2447 1343 2507 in
1389 2445 1515 2510 hoc
1562 2465 1805 2528 genere
1838 2445 2164 2509 interdum
2203 2447 2457 2509 inventi
2501 2447 2650 2527 sint,
2700 2448 3011 2524 attamen,

661 2568 809 2612 cum
856 2566 989 2611 non
1036 2547 1305 2634 quilibet
1366 2547 1560 2613 homo
1606 2554 1781 2612 amet
1841 2547 2148 2613 laborare
2213 2553 2325 2611 aut
2378 2550 2700 2611 sustinere
2762 2545 3014 2630 pondus

662 2649 1086 2714 afflictionum
1134 2649 1363 2733 quibus
1408 2657 1622 2733 posset
1683 2653 1752 2713 in
1800 2651 1932 2713 Deo
1993 2669 2262 2733 manere
2317 2652 2580 2732 eiusque
2641 2648 3015 2713 voluntates

663 2752 904 2835 facere,
969 2753 1155 2816 multi
1201 2757 1492 2837 corrupti
1538 2758 1731 2817 erant
1770 2759 1834 2817 et
1880 2740 2222 2839 inquinati,
2271 2755 2582 2837 perpauci
2633 2772 2794 2816 vero
2843 2749 3016 2835 apud

666 2855 1006 2919 Dominum
1039 2861 1555 2938 permanserant.
1600 2857 1682 2918 Hi
1715 2863 1954 2939 tamen,
1988 2875 2121 2919 non
2152 2858 2396 2919 virtute
2429 2875 2548 2918 sua
2580 2856 2864 2939 propria,
2899 2852 3015 2916 sed

666 2978 706 3021 a
755 2957 887 3021 Deo
935 2956 1277 3021 evidenter
1323 2961 1571 3022 servati
1618 2963 1786 3040 sunt,
1836 2977 1917 3020 ne
1947 2948 2090 3020 'una
2137 2977 2282 3021 cum
2315 2959 2554 3020 ceteris
2598 2975 2718 3041 per
2762 2957 3016 3039 peceati

666 3057 899 3124 fluctus
945 3060 1423 3144 abriperentur,
1472 3057 2010 3143 quemadmodum
2057 3059 2228 3122 Deus
2259 3057 2437 3123 clare
2483 3057 2740 3122 *docuit
2772 3077 2888 3141 per
2933 3046 3014 3120 ea

667 3181 830 3246 quae
872 3161 1039 3225 dixit
1071 3161 1153 3226 ad
1185 3161 1398 3225 Eliam
1431 3161 1811 3246 prophetam
1837 3162 1895 3224 ‘²1
1952 3184 1985 3222 «
2021 3161 2186 3224 Ecce
2220 3160 2538 3244 dereliqui
2569 3161 2732 3223 mihi
2771 3165 3014 3244 septem

666 3264 873 3328 millia
932 3267 1227 3328 virorum
1291 3267 1399 3347 qui
1457 3284 1590 3328 non
1651 3267 2168 3328 incurvaverunt
2232 3283 2445 3347 genua
2507 3268 2579 3326 ut
2639 3262 2801 3327 Baal
2862 3261 3018 3326 ado-

671 3373 895 3431 rerent
926 3389 985 3429 ».

757 3468 881 3532 Sed
927 3472 1077 3552 quia
1124 3471 1333 3533 omnis
1363 3469 1547 3553 lapiS,
1598 3473 1706 3552 qui
1738 3474 2101 3552 assumptus
2134 3472 2278 3532 erat
2308 3473 2379 3531 ut
2412 3467 2685 3531 alterius
2733 3465 3016 3532 aedificii

668 3570 1160 3634 fundamentum
1208 3577 1395 3652 esset,
1424 3593 1459 3636 e
1493 3574 1700 3656 primo
1735 3569 2030 3636 aedificio
2080 3575 2242 3653 erat,
2291 3575 2456 3634 sicut
2487 3569 2645 3652 dixi,
2695 3572 2881 3653 eique
2913 3571 3016 3631 vis

669 3676 916 3756 peccati
942 3693 1025 3736 ex
1050 3676 1591 3758 concupiscentia,
1617 3693 1750 3738 non
1774 3672 2028 3757 quidem
2056 3693 2170 3758 per
2193 3672 2595 3736 voluntatem
2619 3671 2732 3736 sed
2757 3677 3020 3756 propter

666 3781 945 3838 naturae
994 3775 1414 3852 debilitatem,
1465 3773 1872 3857 inhaerebat,
1923 3775 2158 3858 reliqui
2204 3778 2311 3858 qui
2364 3755 2898 3855 aedificabantur,
2946 3776 3016 3836 in

670 3877 963 3941 eumdem
1013 3898 1310 3942 errorem
1358 3884 1421 3942 et
1452 3871 1787 3962 peceatum
1821 3885 2086 3963 propter
2131 3881 2272 3942 eius
2302 3876 2749 3941 infirmitatem
2796 3897 3020 3941 omnes

671 3979 967 4043 ruebant.
1017 3977 1185 4051 Quid
1217 3985 1439 4063 postea
1472 3978 1627 4044 fecit
1658 3983 1918 4064 sapiens
1949 3977 2366 4064 Architectus
2396 3977 2798 4062 Creatorque
2822 3981 3020 4042 totius

674 4086 936 4166 generis
982 4082 1294 4147 humani?
1342 4082 1504 4146 Cum
1535 4085 1744 4146 variis
1773 4083 2114 4166 multisque
2163 4081 2370 4146 modis
2416 4102 2534 4166 per
2564 4101 2784 4146 rerum
2819 4101 3018 4164 expe-

671 4187 979 4249 rientiam
1026 4205 1251 4250 omnes
1298 4186 1594 4249 homines
1655 4184 1978 4249 docuisset
2041 4183 2219 4249 nullo
2267 4184 2456 4249 modo
2509 4182 2657 4248 fieri
2719 4203 2903 4267 posse
2950 4188 3021 4246 ut

672 4285 857 4372 lapis,
907 4291 1015 4370 qui
1061 4279 1333 4351 alterius
1380 4286 1661 4351 aedificii
1708 4285 2201 4351 fundamentum
2234 4306 2374 4351 esse
2421 4286 2659 4368 valeat,
2709 4305 2796 4348 ex
2841 4284 3022 4348 aedi-

765 4510 781 4537 ¹
810 4508 953 4575 Act„
988 4521 1112 4569 xm,
1149 4511 1237 4594 22.
1275 4539 1344 4546 —
1381 4507 1401 4538 ²
1430 4508 1489 4562 111
1530 4509 1685 4576 Ray..
1723 4521 1844 4570 xlx,
1886 4509 1966 4562 18.

3069 1538 3132 1584 10

3069 2051 3132 2095 15
