3400 5642
1286 520 1397 601 affl(
1444 518 1532 583 53
1574 524 1688 601 »g-

400 664 502 729 Ita
547 683 710 729 vero
755 682 892 729 non
923 667 1020 727 est
1051 661 1461 727 sentiendum
1492 662 1571 727 de
1602 662 1729 727 hoc
1756 682 1931 727 novo
1968 682 2003 725 4(
2035 660 2182 726 fieri
2216 683 2251 726 »
2290 662 2457 747 quod
2493 664 2663 749 apud

299 766 517 831 Deum
564 766 816 840 evenit;
867 762 980 827 sed
1025 766 1096 827 in
1141 762 1390 828 duobus
1436 763 1519 828 ab
1573 764 1753 830 omni
1802 783 1837 826 4(
1869 761 2015 827 fieri
2050 784 2085 827 »
2138 762 2403 828 differre
2460 784 2662 851 agno·

299 871 534 949 scitur,
585 867 668 931 ab
715 886 792 931 eo
853 866 1102 931 scilicet
1154 886 1278 949 quo
1333 864 1577 949 aliquid
1629 885 1717 931 ex
1774 865 1983 930 nihilo
2043 864 2115 929 fit
2161 870 2226 929 et
2272 867 2357 930 ab
2404 886 2482 932 eo
2537 888 2662 951 quo

302 969 558 1055 aliquid
590 989 676 1033 ex
707 968 838 1033 alio
873 970 1306 1033 constituitur.
1333 966 1393 1031 A
1424 970 1634 1051 primo
1665 965 1901 1050 differt,
1926 971 2077 1051 quia
2102 969 2273 1033 Deus
2295 990 2428 1035 non
2450 968 2665 1035 factus

181 1091 214 1139 5
303 1076 412 1136 est
459 1091 606 1135 cum
650 1089 784 1135 non
831 1072 1197 1151 exsisteret,
1247 1072 1411 1135 sicut
1455 1075 1735 1134 naturae
1781 1069 2177 1153 primordiae
2218 1090 2382 1154 quae
2430 1091 2517 1137 ex
2562 1073 2661 1135 ni-

300 1174 448 1238 hilo
496 1178 760 1238 creatae
807 1176 990 1248 sunt;
1025 1170 1140 1236 sed
1169 1174 1326 1255 ipse,
1360 1174 1656 1255 quamvis
1683 1170 1896 1235 factus
1926 1174 2029 1254 sit,
2061 1173 2457 1239 naturaliter
2486 1176 2660 1237 exsi-

301 1276 524 1341 stebat
571 1280 923 1357 antequam
967 1271 1172 1337 fieret.
1221 1271 1324 1337 Ab
1371 1272 1580 1339 altero
1626 1271 1862 1356 differt,
1890 1276 2040 1357 quia
2086 1275 2275 1358 Deus,
2322 1280 2659 1359 postquam

300 1377 526 1443 factus
571 1382 688 1460 est,
735 1396 869 1442 non
914 1380 1202 1441 mutatus
1247 1380 1346 1440 est
1392 1376 1476 1439 ab
1521 1395 1600 1439 eo
1647 1375 1816 1458 quod
1861 1380 2023 1457 erat,
2072 1378 2240 1441 sicut
2292 1381 2657 1460 creaturae,

303 1499 478 1564 quae
525 1499 672 1543 cum
718 1477 935 1543 factae
983 1482 1150 1560 sunt,
1199 1497 1386 1541 suum
1437 1497 1472 1540 4(
1505 1496 1637 1541 non
1683 1498 1826 1543 esse
1860 1499 1895 1541 »
1948 1480 2283 1555 amittunt3
2334 1478 2449 1543 sed
2497 1482 2657 1565 ipse,

189 1593 248 1639 10
305 1584 518 1663 etiam
562 1585 898 1666 postquam
945 1578 1156 1644 factus
1203 1585 1324 1659 θεῖἱ
1345 1579 1558 1661 hom0,
1594 1582 1911 1644 remansit
1940 1579 2009 1644 id
2039 1578 2207 1665 quod
2238 1599 2475 1645 revera
2515 1587 2661 1647 erat

304 1682 670 1748 secundum
715 1686 1025 1746 naturam
1055 1678 1281 1747 *Deus
1315 1681 1398 1745 Et
1429 1683 1694 1765 agnitus
1724 1686 1823 1745 est
1868 1684 1939 1745 in
1982 1701 2365 1766 unoquoque
2397 1702 2657 1749 eorum:
2715 1702 2774 1759 p.
2800 1688 2891 1744 64.

303 1790 377 1851 et
423 1788 492 1852 in
541 1805 620 1850 eo
666 1783 835 1869 quod
879 1789 1043 1867 erat,
1093 1789 1157 1849 et
1203 1786 1273 1848 in
1319 1804 1398 1849 eo
1446 1783 1613 1869 quod
1657 1782 1869 1849 factus
1916 1789 2032 1867 est,
2088 1788 2240 1869 quia
2291 1786 2663 1850 immutabi-

299 1887 464 1953 liter
508 1885 720 1952 factus
765 1890 880 1951 est.
932 1887 1208 1969 Etenim,
1257 1906 1404 1951 cum
1449 1889 1797 1951 exsisteret
1848 1884 2060 1951 factus
2104 1891 2203 1951 est
2248 1889 2415 1951 sicut
2468 1888 2657 1971 Deus,

299 2009 442 2055 non
465 2009 627 2055 vero
659 2010 806 2054 cum
835 2008 971 2053 non
1001 1992 1352 2053 exsisteret
1381 1992 1547 2053 sicut
1577 1994 1902 2053 creatura.
1937 1988 2347 2073 Quapropter
2383 2010 2418 2053 4(
2444 2009 2585 2055 θεεθ
2619 2011 2655 2055 »

187 2102 244 2161 15³
301 2096 381 2157 in
425 2111 544 2157 suo
597 2118 632 2151 4(
661 2089 810 2155 fieri
840 2111 877 2154 ›
913 2110 1046 2155 non
1077 2093 1313 2169 amisit,
1347 2094 1514 2155 sicut
1544 2096 1909 2173 creaturae,
1945 2111 2107 2175 quae
2154 2112 2303 2155 cum
2342 2094 2660 2157 exsisten-

301 2198 471 2261 tiam
517 2196 840 2278 recipiunt
885 2214 1072 2260 suum
1123 2213 1160 2257 4(
1191 2213 1326 2259 non
1371 2214 1512 2259 esse
1545 2215 1580 2259 »
1633 2196 1955 2259 amittunt.
2012 2193 2255 2277 Itaque,
2289 2214 2438 2259 cum
2476 2193 2661 2259 audi-

303 2317 456 2361 mus
501 2294 906 2379 Scripturam
938 2294 1260 2359 dicentem
1290 2315 1438 2359 eum
1469 2298 1579 2380 qui
1610 2300 1755 2359 erat
1800 2294 2040 2360 factum
2090 2316 2252 2379 esse,
2300 2295 2489 2360 nobis
2526 2315 2659 2360 non

307 2403 412 2464 θεῖ
459 2418 579 2463 cur
622 2397 1085 2482 perturbemur
1129 2402 1242 2461 aut
1273 2396 1638 2461 dubitemus
1669 2396 1749 2462 de
1779 2398 1899 2462 tali
1927 2397 2255 2463 locutione
2287 2396 2455 2483 quod
2485 2417 2658 2462 nova

304 2504 414 2583 sit,
464 2502 616 2584 quia
661 2499 816 2564 licet
861 2498 1121 2565 dicatur
1165 2496 1396 2581 factuS,
1443 2504 1665 2563 tamen
1711 2518 1845 2565 non
1889 2497 2101 2565 factus
2147 2504 2245 2563 est
2290 2498 2481 2565 modo
2536 2518 2660 2584 quo

190 2614 250 2663 πο
303 2602 474 2669 fiunt
521 2608 887 2667 creaturae.
937 2600 1189 2666 Nomen
1233 2600 1490 2685 quidem
1537 2589 1709 2665 idem
1756 2607 1871 2683 est,
1921 2620 2029 2665 res
2075 2606 2293 2667 autem
2338 2601 2532 2683 valde
2564 2600 2661 2665 di-

303 2723 542 2781 versa3
591 2722 801 2787 neque
850 2722 976 2784 res,
1023 2707 1293 2787 propter
1336 2702 1747 2767 identitatem
1791 2706 2145 2785 nominum,
2179 2706 2355 2767 inter
2384 2724 2455 2767 se
2486 2723 2659 2767 com-

304 2805 648 2892 parandae
695 2810 865 2869 sunt.
911 2804 1191 2887 Etenim,
1241 2810 1548 2869 creatura
1593 2824 1741 2869 cum
1786 2802 1857 2867 fit
1905 2824 1989 2869 ex
2034 2805 2244 2869 nihilo
2275 2803 2365 2887 fit,
2400 2810 2465 2869 et
2512 2803 2659 2887 ideo

304 2912 580 2973 creatur
622 2911 694 2971 ut
739 2910 1046 2983 exsistat;
1097 2913 1180 2989 et,
1237 2926 1314 2971 eo
1359 2909 1500 2990 ipso
1547 2906 1716 2991 quod
1760 2908 1850 2989 fit,
1899 2909 2203 2991 competit
2250 2910 2313 2971 ei
2358 2912 2430 2971 ut
2476 2926 2661 2971 crea-

304 3015 463 3074 tura
511 3010 889 3093 appelletur.
939 3007 1084 3073 Non
1143 3012 1238 3073 ita
1298 3008 1580 3073 habetur
1639 3008 1719 3071 de
1767 3009 1900 3073 Deo
1946 3014 2279 3085 creatore;
2332 3009 2465 3093 sed,
2514 3028 2660 3073 cum

197 3124 252 3173 ἐῶ
306 3114 662 3177 exsisteret
706 3110 918 3177 factus
949 3116 1066 3194 est,
1101 3116 1166 3175 et
1211 3111 1452 3194 absque
1499 3113 1858 3175 mutatione
1890 3110 2102 3175 factus
2142 3116 2257 3175 est.
2292 3110 2661 3197 Antequam

303 3217 484 3279 enim
530 3212 736 3295 fieret,
785 3218 930 3277 erat
976 3213 1146 3277 Deus
1190 3218 1444 3277 tantum
1497 3218 1562 3276 et
1613 3211 1925 3296 Verbum,
1988 3212 2175 3276 Patri
2236 3214 2658 3278 consubstan-

302 3315 465 3382 tiale
514 3320 580 3379 et
625 3321 1076 3390 coaeternum;
1127 3313 1242 3378 sed
1287 3318 1623 3398 postquam
1667 3312 1881 3378 factus
1926 3319 2042 3396 est,
2092 3314 2215 3378 hoc
2247 3320 2362 3396 est,
2390 3334 2547 3379 caro
2594 3324 2661 3381 et

305 3403 540 3484 homo}
595 3438 631 3481 ‹
663 3418 956 3482 Verbum
1001 3436 1158 3482 caro
1205 3414 1450 3481 factum
1497 3422 1594 3480 est
1639 3422 1705 3480 et
1751 3416 2075 3480 habitavit
2122 3420 2191 3479 in
2235 3417 2425 3480 nobis
2457 3438 2516 3499 »,
2564 3421 2658 3483 ita

305 3524 512 3585 etiam
558 3522 876 3585 remansit
921 3518 1088 3603 quod
1135 3523 1299 3601 erat,
1349 3523 1415 3583 et
1461 3522 1745 3583 essentia
1792 3522 1933 3583 eius
1970 3538 2088 3601 per
2118 3522 2259 3583 eius
2289 3521 2659 3585 immutabi-

201 3632 256 3681 80
305 3624 566 3688 litatem
611 3622 910 3687 revelata
956 3626 1071 3686 est.
1121 3622 1219 3685 Eo
1265 3620 1432 3706 quod
1477 3618 1690 3685 factus
1722 3626 1819 3685 est
1851 3624 1991 3684 sine
2022 3624 2399 3703 mutatione,
2433 3628 2657 3686 notum

304 3730 408 3791 est
455 3726 656 3790 etiam
687 3722 856 3809 quod
901 3723 1259 3801 exsistebat
1305 3742 1451 3787 cum
1495 3722 1780 3786 nondum
1827 3722 2040 3786 factus
2086 3727 2287 3799 esset;
2338 3726 2489 3807 quia
2525 3744 2657 3791 non

303 3828 526 3893 factus
571 3831 671 3891 est
715 3846 834 3910 pro
879 3828 1112 3909 seipso,
1159 3828 1255 3889 ita
1301 3830 1371 3888 ut
1417 3844 1497 3890 eo
1543 3824 1711 3908 quod
1756 3824 1967 3889 factus
2014 3830 2111 3889 est
2150 3846 2336 3889 suum
2373 3846 2408 3889 4(
2442 3846 2583 3893 θεεθ
2618 3848 2655 3892 »

310 3932 630 3995 amiserit.
677 3929 956 4010 Etenim,
1005 3928 1105 3993 illi
1151 3948 1310 4011 opus
1354 3947 1486 3992 non
1533 3932 1677 3991 erat
1722 3946 1841 4011 pro
1888 3930 2101 4011 seipso
2145 3926 2309 4011 fieri,
2360 3931 2511 4012 quia
2538 3949 2658 4014 pro

308 4035 525 4117 seipso
569 4030 930 4097 exsistebat
959 4032 1216 4095 etiamsi
1250 4028 1462 4094 factus
1491 4048 1623 4093 non
1655 4032 1851 4104 esset;
1902 4029 2017 4093 sed
2047 4032 2197 4113 quia
2228 4050 2345 4115 pro
2376 4032 2565 4095 nobis
2594 4036 2661 4095 et

200 4142 258 4190 825
309 4138 580 4219 propter
623 4152 744 4197 nos
788 4130 1002 4197 factus
1047 4137 1164 4213 est,
1213 4131 1338 4195 sibi
1383 4136 1450 4193 et
1494 4135 1763 4214 propter
1806 4150 1875 4195 se
1908 4134 2147 4195 mansit
2179 4132 2417 4215 absque
2450 4136 2660 4197 muta-

303 4238 487 4301 tione
535 4234 603 4299 id
648 4233 818 4318 quod
863 4237 1026 4297 erat.
1075 4232 1242 4297 Nam
1303 4232 1413 4297 ille
1461 4234 1570 4315 qui
1615 4251 1734 4315 pro
1781 4234 1992 4315 seipso
2039 4232 2129 4314 fit,
2170 4232 2246 4296 id
2300 4239 2415 4316 est,
2464 4238 2537 4297 ut
2581 4230 2659 4297 *a
2716 4258 2771 4314 p.
2802 4242 2891 4299 65.

307 4339 553 4401 minori
598 4341 772 4401 statu
820 4334 904 4399 ad
949 4338 1267 4401 maiorem
1312 4338 1626 4416 transeat,
1690 4353 1823 4400 non
1875 4338 2086 4418 potest
2146 4354 2416 4399 manere
2464 4338 2534 4399 in
2579 4354 2659 4401 eo

309 4437 478 4523 quod
524 4442 689 4520 erat,
739 4440 890 4521 quia
935 4438 1080 4519 sibi,
1128 4456 1261 4501 non
1323 4436 1488 4517 aliis,
1537 4433 1751 4500 factus
1796 4441 1895 4499 est
1939 4436 2006 4499 id
2066 4435 2235 4519 quod
2280 4435 2492 4502 factus
2537 4442 2655 4519 est,
2709 4481 2715 4486 -

307 4544 374 4604 et
418 4558 552 4603 non
598 4543 808 4623 potest
854 4539 980 4603 sibi
1025 4537 1217 4601 simul
1248 4536 1394 4601 fieri
1439 4543 1504 4601 et
1548 4556 1681 4601 non
1727 4534 1891 4601 fieri.
1924 4537 2278 4603 Evidenter
2322 4541 2500 4603 enim
2545 4538 2655 4606 ille
