3400 5642
188 1615 247 1658 10

186 2123 239 2170 15

307 685 553 744 ventus
574 685 647 743 ut
678 680 872 745 homo
898 702 955 744 ».
984 679 1149 753 Quia
1176 683 1457 765 suscepit
1480 701 1549 746 se
1575 681 1906 745 hominem
1929 677 2096 762 fieri,
2122 684 2192 742 ut
2223 681 2318 744 sic
2341 678 2673 743 hominem

308 780 529 846 denuo
574 787 855 865 crearet,
887 802 1021 847 non
1054 785 1385 846 recusavit
1414 781 1561 847 fieri
1592 783 1790 846 etiam
1825 780 2179 846 secundum
2226 779 2525 845 ordinem
2550 798 2674 863 quo

306 887 750 969 unusquisque
795 892 1089 950 nostrum
1137 883 1209 949 fit
1270 890 1333 949 et
1397 887 1687 969 incipere
1734 883 1906 949 unde
1952 886 2316 967 incipimus,
2382 881 2674 946 Adamus

306 989 491 1050 enim
536 989 817 1070 primum
864 986 1075 1071 quoad
1120 1006 1353 1071 corpus
1398 986 1720 1052 formatus
1764 993 1882 1069 est,
1931 991 1995 1050 et
2027 985 2260 1050 deinde
2309 1004 2429 1068 per
2477 986 2676 1067 inspi-

308 1091 641 1154 rationem
690 1092 975 1154 animam
1007 1092 1341 1154 viventem
1374 1092 1643 1174 accepit.
1679 1088 1964 1154 Rursum
1997 1091 2196 1152 etiam
2235 1089 2672 1170 unusquisque

304 1196 612 1256 nostrum
634 1194 707 1256 in
728 1197 919 1256 utero
950 1195 1227 1276 primum
1261 1212 1495 1277 corpus
1524 1191 1615 1275 fit,
1650 1199 1734 1274 et,
1769 1191 2122 1256 secundum
2154 1190 2368 1274 legem
2401 1209 2442 1253 a
2467 1188 2672 1253 Crea-

304 1300 457 1360 tore
504 1299 837 1376 statutam,
884 1297 955 1358 in
1001 1315 1081 1359 eo
1128 1297 1328 1360 etiam
1359 1298 1581 1359 anima
1620 1301 1917 1360 creatur:
1973 1315 2008 1356 «
2041 1292 2315 1357 Creavit
2361 1291 2674 1355 Dominus

303 1398 613 1480 spiritum
657 1397 944 1461 hominis
989 1400 1059 1460 in
1090 1417 1169 1462 eo
1203 1397 1217 1440 ¹
1254 1419 1313 1462 ».
1362 1397 1464 1462 Ita
1496 1402 1562 1462 et
1592 1396 1916 1461 secundus
1943 1394 2252 1476 AdamuS,
2293 1414 2442 1458 cum
2473 1391 2672 1456 vellet

302 1503 380 1562 ut
428 1498 782 1563 secundum
828 1501 1089 1564 initium
1120 1503 1353 1584 generi
1398 1505 1623 1564 nostro
1653 1501 2182 1580 constitueretur,
2231 1517 2356 1580 quo
2386 1498 2497 1579 qui
2523 1514 2674 1559 cor-

304 1599 573 1684 porales
618 1606 685 1664 et
731 1601 1043 1666 mortales
1088 1604 1158 1664 in
1205 1600 1459 1666 Adamo
1506 1606 1717 1683 erant,
1773 1599 2102 1685 spiritales
2155 1605 2220 1664 et
2265 1596 2674 1662 immortales

302 1705 378 1765 in
426 1704 567 1786 ipso
613 1707 847 1779 essent,
896 1703 1071 1785 hinc,
1120 1703 1187 1768 id
1242 1709 1341 1768 est
1386 1725 1423 1768 e
1470 1723 1693 1785 carne,
1741 1706 1878 1788 ipse
1941 1704 2142 1766 etiam
2200 1703 2446 1783 incepit
2505 1701 2673 1762 sicut

298 1803 599 1868 Adamus
630 1807 701 1868 in
732 1808 1051 1890 principio
1082 1812 1150 1870 et
1178 1809 1389 1870 omnis
1436 1806 1631 1871 homo
1670 1808 1898 1890 quovis
1942 1810 2253 1890 tempore.
2303 1802 2438 1866 Nec
2485 1800 2675 1864 nobis

300 1905 681 1970 mirandum
728 1911 845 1971 est.
894 1907 1013 1973 Ille
1060 1911 1237 1973 enim
1284 1911 1391 1992 qui
1438 1907 1517 1972 de
1540 1979 1544 1982 ,
1564 1908 1750 1973 caelo
1798 1907 1882 1972 ad
1926 1913 2175 1972 terram
2225 1903 2560 1970 descendit
2609 1907 2674 1966 et

298 2007 387 2073 de
435 2007 677 2073 throno
724 2013 795 2074 in
826 2015 1087 2076 uterum
1132 2013 1333 2093 venit,
1368 2031 1503 2076 non
1534 2016 1958 2076 recusaturus
1987 2015 2134 2074 erat
2165 2011 2365 2074 etiam
2398 2026 2438 2070 a
2471 2023 2672 2070 carne

302 2111 624 2194 incipere.
673 2109 1087 2197 Quapropter
1146 2112 1473 2177 Iohannes
1518 2112 1950 2196 evangelista,
1999 2112 2164 2176 haec
2225 2108 2670 2177 considerans,

296 2232 442 2278 non
488 2211 691 2277 dixit:
745 2235 781 2276 «
815 2213 1108 2278 Verbum
1154 2212 1401 2280 factum
1432 2219 1531 2279 est
1568 2214 1765 2279 homo
1797 2237 1858 2295 »,
1906 2215 2202 2298 quamvis
2232 2215 2430 2276 sciret
2461 2213 2670 2294 ipsum

295 2312 595 2397 perfecte
643 2313 1181 2380 *inhumanatum
1212 2314 1435 2399 fuisse,
1483 2315 1631 2380 sed:
1683 2336 1721 2379 «
1748 2316 2040 2380 Verbum
2071 2333 2228 2378 caro
2273 2312 2520 2378 factum
2549 2317 2668 2393 est,

296 2422 369 2481 et
420 2416 747 2481 habitavit
791 2420 862 2480 in
908 2418 1099 2482 nobis
1130 2440 1190 2482 ».

396 2518 791 2604 Obstupesce
837 2539 1021 2604 ergo,
1070 2541 1111 2586 o
1156 2523 1435 2605 sapienS‚
1484 2527 1550 2585 et
1582 2525 1828 2586 mirare
1861 2520 2180 2606 quomodo
2211 2519 2506 2586 Verbum
2552 2517 2672 2582 Dei

296 2642 373 2686 se
424 2619 680 2686 diffudit
726 2625 797 2685 in
840 2627 1051 2705 utero,
1099 2628 1165 2686 et
1202 2625 1691 2707 incorporatum
1725 2629 1842 2706 est,
1877 2628 1942 2688 et
1973 2642 2131 2688 caro
2161 2621 2406 2686 factum
2453 2624 2570 2702 est,
2605 2625 2670 2684 et

295 2727 589 2808 seipsum
637 2744 755 2808 per
800 2723 1112 2809 Spiritum
1150 2730 1447 2790 sanctum
1477 2724 1790 2790 formavit
1835 2724 2189 2790 secundum
2235 2743 2461 2790 omnes
2491 2725 2669 2788 simi-

294 2826 619 2892 litudines
648 2832 927 2910 nostraS,
962 2832 1027 2892 et
1058 2847 1317 2892 omnem
1348 2814 1880 2912 compositionem
1909 2833 2204 2892 nostram
2228 2826 2354 2891 sibi
2377 2829 2666 2910 sumpsit,

294 2935 367 2994 et
418 2934 717 2993 nostrum
762 2949 995 3015 corpus
1042 2948 1277 3013 corpus
1322 2950 1509 2994 suum
1571 2933 1983 3014 animamque
2037 2934 2332 2994 nostram
2381 2931 2669 2993 animam

296 3033 605 3115 corporis
626 3033 730 3095 sui
752 3051 894 3096 esse
926 3031 1228 3114 ostendit,
1262 3037 1327 3096 et
1356 3031 1547 3097 modo
1578 3031 2223 3116 incomprehensibili
2254 3035 2320 3095 et
2350 3027 2669 3094 ineffabili

296 3134 499 3199 nobis
544 3136 795 3197 unitum
844 3140 959 3198 est.
1008 3132 1225 3217 Ipsum
1258 3136 1433 3198 enim
1480 3139 1578 3198 est
1623 3136 1734 3218 qui
1764 3153 1923 3198 vere
1970 3132 2324 3198 formatum
2363 3137 2483 3214 est,
2518 3134 2668 3216 quia

300 3238 733 3321 participavit
778 3239 1085 3320 sanguini
1119 3242 1185 3300 et
1229 3239 1437 3319 carni,
1470 3242 1537 3302 et
1568 3239 1986 3301 incarnatum
2017 3241 2134 3319 est,
2169 3241 2234 3300 et
2267 3234 2668 3300 delineatum

298 3346 424 3421 est,
460 3343 527 3402 et
558 3341 1000 3421 constitutum,
1034 3343 1100 3402 et
1130 3337 1441 3402 membris
1470 3337 1859 3423 praeditum,
1907 3336 2102 3402 homo
2149 3336 2495 3421 perfectus,
2529 3355 2668 3399 ma-

297 3461 475 3506 nens
518 3445 741 3504 tamen
786 3441 958 3504 Deus
1004 3440 1329 3524 perfectus
1376 3441 1615 3524 absque
1662 3443 2022 3505 mutatione
2049 3441 2240 3505 sicuti
2285 3443 2450 3502 erat.
2499 3436 2665 3510 Quia

298 3543 557 3609 factum
586 3548 704 3626 est,
730 3542 1024 3630 creditur
1046 3563 1189 3608 esse
1214 3563 1404 3619 caro;
1439 3547 1591 3627 quia
1623 3562 1786 3608 vero
1815 3563 1950 3608 non
1981 3548 2298 3607 mutatum
2325 3547 2441 3624 est,
2462 3559 2668 3624 agno-

298 3649 515 3713 scitur
545 3664 813 3710 carnem
837 3645 1103 3712 habere.
1131 3645 1310 3710 Haec
1334 3648 1541 3730 igitur
1567 3645 1896 3710 Iohannes
1927 3644 2491 3728 contemplabatur
2521 3663 2667 3707 cum

296 3750 629 3815 clamaret
652 3753 717 3812 et
742 3747 1023 3812 diceret:
1063 3767 1100 3812 ‹
1126 3747 1415 3812 Verbum
1441 3767 1597 3813 caro
1621 3746 1866 3813 factum
1899 3753 1996 3812 est
2021 3767 2095 3823 »;
2131 3747 2297 3812 haec
2327 3753 2394 3811 et
2424 3745 2668 3811 Paulus

300 3849 739 3917 considerans
784 3850 983 3915 dixit:
1037 3870 1074 3914 ‹
1099 3850 1279 3915 Misit
1339 3850 1511 3915 Deus
1554 3850 1794 3914 Filium
1841 3871 2047 3932 suum,
2095 3849 2342 3916 factum
2396 3869 2483 3913 ex
2529 3868 2668 3912 mu-

298 3952 496 4034 liere,
544 3950 792 4016 factum
820 3952 942 4016 sub
971 3950 1119 4036 lege
1153 3973 1213 4016 ».
1262 3952 1395 4015 Per
1422 3951 1585 4016 illud
1636 3972 1673 4015 «
1705 3951 1950 4016 factum
1983 3951 2102 4016 sub
2132 3951 2280 4034 lege
2310 3970 2348 4015 »
2387 3948 2670 4015 ostendit

301 4057 513 4119 etiam
560 4073 709 4118 eum
754 4052 1043 4138 perfecte
1089 4053 1589 4118 inhumanatum
1634 4073 1799 4136 esse,
1847 4056 1998 4138 quia
2045 4073 2202 4118 caro
2249 4055 2390 4118 sine
2445 4055 2666 4116 anima

298 4176 441 4223 non
488 4155 656 4220 solet
700 4156 820 4220 sub
864 4155 1015 4240 lege
1076 4153 1242 4238 fleri,
1290 4175 1412 4220 nec
1474 4156 1607 4220 Deo
1654 4156 1906 4239 subiici,
1969 4174 2093 4220 nec
2153 4153 2462 4219 mandata
2525 4157 2668 4217 eius

300 4277 606 4326 servare.
652 4256 779 4322 Sed
825 4257 1363 4341 quemadmodum
1410 4261 1621 4322 omnis
1674 4257 1953 4322 Iudaeus
1999 4260 2108 4340 qui
2154 4256 2273 4322 sub
2325 4256 2474 4340 lege
2521 4262 2666 4320 erat

299 4379 585 4446 corpore
632 4366 699 4424 et
758 4363 981 4424 anima
1026 4360 1387 4442 constabat,
1442 4380 1574 4425 non
1635 4366 1856 4425 autem
1903 4379 2176 4444 corpore
2222 4363 2476 4422 tantum
2523 4360 2664 4422 sine

396 4583 416 4615 ²
455 4584 662 4644 zum..
696 4595 797 4650 111,
838 4583 883 4636 1.

2727 2339 2781 2392 p.
2819 2322 2939 2376 183.
