3400 5642
327 1602 386 1647 10

332 2114 389 2157 15

336 3144 394 3187 ‘25

340 4165 396 4209 ff)

443 670 811 746 ostendisti;
860 674 1016 734 item
1063 673 1120 735 si
1166 669 1474 753 Spiritum
1529 668 1839 733 Sanctum
1892 690 2033 733 esse
2087 672 2157 732 in
2211 668 2439 733 eadem
2502 672 2785 733 essentia

439 772 708 853 dixeris,
743 792 889 836 eum
921 792 1064 837 esse
1095 792 1182 836 ex
1213 769 1440 835 eadem
1469 774 1711 835 natura
1758 770 2052 853 docuisti,
2088 774 2239 854 quia
2269 773 2339 833 in
2370 770 2787 835 confessione

439 874 592 939 fidei
623 881 688 939 et
717 877 1132 939 invocatione
1177 874 1484 956 baptismi
1513 892 1658 937 cum
1691 876 1789 936 eis
1833 892 1967 936 non
2012 880 2471 938 recenseretur
2516 876 2645 937 nisi
2693 875 2791 937 eis

441 976 1012 1043 consubstantialis
1071 980 1260 1039 esset.
1298 976 1378 1038 Et
1406 994 1553 1039 cum
1586 994 1705 1058 per
1733 974 1899 1038 haec
1929 978 2195 1039 nomina
2229 994 2548 1059 personae
2588 974 2787 1039 deno·

439 1084 683 1161 tantur,
719 1098 836 1163 per
880 1077 1032 1160 alia,
1081 1078 1329 1142 scilicet
1375 1076 1525 1159 EnS,
1582 1077 1806 1159 Deum,
1863 1078 2225 1159 Dominum,
2278 1083 2519 1141 natura
2580 1076 2791 1140 tribus

440 1184 800 1245 communis
862 1183 1264 1264 agnoscitur.

529 1283 898 1367 Prophetae
961 1301 1140 1364 ver0,
1196 1302 1328 1345 non
1374 1281 1851 1365 distinguentes
1882 1300 2004 1344 nec
2036 1286 2261 1364 aperte
2304 1283 2604 1345 notitiam
2646 1300 2793 1363 per—

439 1406 748 1450 sonarum
795 1384 1179 1467 indicanteS,
1207 1387 1276 1447 in
1303 1384 1789 1467 praedicatione
1832 1403 1951 1447 sua
1982 1381 2173 1447 fidem
2220 1386 2289 1446 in
2336 1403 2535 1447 unum
2584 1384 2786 1447 Deum

440 1486 853 1551 tradiderunt
900 1486 983 1550 ad
1037 1485 1488 1569 expellendam
1535 1484 1953 1569 polytheismi
1984 1485 2422 1549 traditionem.
2457 1483 2785 1569 *Quapro-

441 1595 589 1674 pter
633 1608 780 1652 cum
825 1588 1104 1672 MoyseS,
1140 1590 1386 1671 primus
1431 1590 1720 1651 omnium
1774 1587 2258 1670 prophetarum,
2322 1588 2522 1652 vellet
2567 1607 2607 1652 a
2656 1588 2788 1651 Deo

443 1695 582 1776 ipso
627 1710 866 1756 nomen
911 1692 1054 1753 eius
1113 1688 1384 1772 discere,
1441 1688 1773 1772 respondit
1821 1692 1885 1752 ei
1931 1690 2101 1753 Deus
2139 1688 2196 1753 ¹:
2250 1710 2285 1752 <
2317 1689 2461 1772 Ego
2493 1709 2635 1753 sum
2682 1691 2791 1772 qui

444 1798 542 1857 est
575 1815 633 1875 »‚
681 1799 748 1856 et
793 1791 1332 1876 quemadmodum
1400 1811 1518 1875 per
1562 1791 1686 1855 hoc
1738 1812 1774 1854 ⁴<
1799 1810 1968 1855 unus
2022 1792 2191 1855 Deus
2224 1812 2260 1855 »
2313 1791 2494 1856 foras
2541 1790 2793 1875 expulit

442 1903 694 1961 turmas
751 1894 1042 1976 deorum,
1089 1897 1185 1959 ita
1231 1899 1295 1959 et
1341 1914 1460 1978 per
1518 1893 1679 1957 illud
1742 1894 1910 1977 quod
1956 1893 2158 1958 dixit:
2215 1915 2250 1957 <
2282 1894 2426 1978 Ego
2490 1915 2630 1958 sum
2679 1896 2788 1977 qui

445 2004 542 2063 est
574 2020 633 2080 »,
680 2000 944 2061 nomine
991 1996 1354 2061 divinitatis
1399 1996 1703 2079 spoliavit
1751 2016 1975 2061 omnes
2022 1999 2130 2079 qui
2163 2015 2281 2079 per
2310 2016 2606 2061 errorem
2640 1998 2780 2059 exi-

445 2101 879 2165 stimabantur
923 2097 1034 2181 dii,
1082 2118 1228 2163 cum
1259 2119 1392 2163 non
1425 2104 1672 2174 essent;
1708 2101 1758 2162 ii
1794 2117 2027 2181 nempe
2059 2101 2167 2181 qui
2192 2098 2283 2161 dii
2315 2099 2791 2181 reputabantur

445 2201 877 2266 deliramento
914 2202 1358 2283 humanitatiS,
1391 2220 1524 2265 non
1547 2220 1711 2265 vero
1741 2198 1909 2283 quod
1932 2218 2019 2265 ex
2048 2205 2287 2263 natura
2321 2200 2546 2263 divina
2578 2206 2789 2263 erant.

445 2304 528 2367 Et
573 2309 908 2388 postquam
955 2324 1072 2388 per
1117 2304 1316 2386 longa
1362 2309 1677 2387 tempora,
1728 2323 1768 2367 a
1814 2302 2041 2385 Moyse
2088 2322 2287 2386 usque
2321 2302 2405 2366 ad
2439 2303 2787 2366 revelatio-

445 2426 596 2471 nem
643 2406 892 2470 Christi
936 2410 1008 2469 in
1052 2425 1272 2487 carne,
1323 2408 1709 2469 exsistentia
1733 2406 1925 2468 unius
1950 2406 2068 2468 Dei
2090 2402 2349 2469 firmata
2382 2404 2506 2467 fuit
2537 2407 2607 2467 in
2638 2424 2792 2469 con-

446 2511 720 2573 scientia
767 2507 1178 2590 Iudaeorum,
1229 2514 1294 2572 et
1341 2508 1618 2571 aliorum
1667 2511 1867 2572 etiam
1915 2506 2295 2590 populorum
2342 2510 2481 2571 sive
2516 2507 2597 2571 oh
2645 2526 2793 2590 pro-

447 2614 875 2696 pinquitatem
900 2630 1045 2675 cum
1069 2609 1346 2693 Iudaeis,
1373 2613 1512 2675 sive
1538 2629 1654 2693 per
1678 2609 1981 2694 prodigia
2005 2612 2213 2673 variis
2238 2609 2445 2673 modis
2468 2612 2537 2672 in
2562 2630 2788 2674 eorum

449 2717 734 2797 gratiam
781 2712 979 2795 facta,
1029 2716 1138 2796 qui
1183 2718 1284 2777 est
1329 2732 1418 2777 ex
1463 2715 1604 2796 ipsa
1657 2717 1897 2776 natura
1958 2712 2349 2795 Unigenitus
2412 2713 2530 2775 Dei
2589 2711 2795 2775 Filius

447 2836 590 2880 sese
638 2818 706 2879 in
753 2834 953 2879 carne
1001 2813 1446 2879 manifestavit
1493 2814 1881 2895 hominibuS,
1918 2818 1981 2877 et
2022 2818 2347 2895 naturam,
2384 2834 2468 2877 ex
2501 2833 2625 2896 qua
2658 2816 2795 2897 ipse

449 2924 566 3001 est,
613 2922 684 2982 in
729 2918 938 2982 tribus
984 2921 1280 3001 personis
1325 2936 1465 2981 esse
1513 2916 1814 2999 ostendit,
1841 2936 1973 2980 non
2004 2916 2212 2981 solum
2244 2916 2687 3000 metaphorice
2730 2921 2795 2979 et

449 3024 741 3105 mystice,
789 3022 955 3084 sicut
1001 3017 1261 3103 quidam
1307 3038 1394 3083 ex
1440 3018 1773 3103 prophetis
1818 3019 2018 3082 locuti
2066 3022 2276 3101 erant,
2304 3016 2418 3081 sed
2448 3017 2793 3082 manifeste

449 3128 514 3187 et
561 3128 803 3207 aperte.
853 3122 1131 3204 Etenim,
1189 3121 1539 3205 adimpleta
1601 3141 1719 3205 pro
1781 3122 1969 3185 nobis
2030 3124 2173 3185 eius
2233 3123 2615 3185 oeconomia
2679 3140 2797 3203 per

448 3227 814 3309 passionem
861 3229 928 3288 et
973 3229 1250 3287 mortem
1295 3228 1361 3287 et
1407 3226 1957 3287 resurrectionem
2006 3242 2211 3305 suam,
2238 3216 2413 3287 misit
2445 3221 2795 3306 discipulos

449 3346 600 3391 suos
647 3325 730 3390 ad
779 3332 1010 3408 gentes
1069 3345 1232 3409 quae
1296 3328 1575 3408 primum
1636 3323 1905 3389 edoctae
1968 3330 2159 3388 erant
2206 3328 2275 3387 in
2329 3344 2529 3387 unum
2592 3324 2793 3387 Deum

451 3428 742 3511 credere,
789 3447 1024 3511 eosque
1070 3430 1260 3491 iussit
1307 3427 1542 3491 docere
1590 3433 1654 3491 et
1701 3427 2035 3510 baptizare
2082 3430 2152 3489 in
2183 3429 2445 3490 nomine
2478 3426 2697 3489 Patris
2729 3429 2795 3488 et

450 3531 602 3595 Filii
648 3536 713 3595 et
759 3530 1037 3614 Spiritus
1083 3532 1310 3611 sancti,
1360 3533 1428 3593 in
1475 3550 1606 3593 una
1666 3532 1963 3593 trinitate
2025 3549 2188 3612 quae
2251 3533 2349 3593 est
2404 3529 2601 3592 etiam
2664 3546 2798 3591 una

451 3636 766 3709 essentia3
819 3632 986 3716 quod
1031 3631 1448 3696 manifestum
1495 3636 1612 3712 est,
1646 3651 1802 3695 nam
1827 3634 1992 3695 sicut
2016 3633 2299 3695 essentia
2332 3650 2592 3713 semper
2624 3633 2799 3694 exsi-

451 3739 582 3819 stit,
629 3738 724 3799 ita
770 3738 970 3799 etiam
1018 3738 1282 3799 trinitas
1314 3754 1572 3819 semper
1595 3737 1884 3809 exsistit;
1936 3739 2001 3798 et
2023 3732 2561 3817 quemadmodum
2594 3732 2799 3797 Pater

452 3858 708 3922 semper
753 3842 852 3901 est
897 3838 1086 3919 DeuS,
1135 3840 1286 3921 quia
1333 3840 1696 3921 paternitas
1742 3856 1889 3901 cum
1936 3839 2220 3901 essentia
2274 3839 2415 3901 eius
2462 3835 2795 3920 perdurat,

450 3943 543 4004 ita
591 3944 656 4003 et
698 3939 991 4003 Verbum
1037 3958 1294 4022 semper
1341 3942 1438 4002 est
1483 3938 1707 4020 Filius,
1757 3941 1907 4021 quia
1940 3940 2253 4001 nativitas
2288 3940 2431 4002 eius
2454 3957 2600 4001 cum
2634 3935 2803 4000 fllia-

450 4044 629 4106 tione
675 4043 818 4105 eius
861 4044 996 4115 est‚·
1043 4045 1108 4104 et
1155 4042 1354 4103 etiam
1386 4039 1662 4122 Spiritus
1703 4044 1965 4103 sanctus
1996 4041 2080 4103 ab
2104 4044 2375 4104 aeterno
2400 4060 2486 4103 ex
2511 4040 2796 4103 essentia

452 4144 672 4207 Patris
717 4147 832 4224 est,
883 4145 952 4205 vi
996 4144 1446 4227 processionis,
1495 4162 1628 4206 non
1675 4147 1893 4206 autem
1942 4144 2408 4225 generationis.

541 4242 746 4309 *Deus
793 4245 876 4308 ab
923 4249 1193 4309 aeterno
1241 4248 1338 4307 est
1383 4246 1584 4307 etiam
1629 4248 1911 4325 creator,
1962 4245 2112 4326 quia
2168 4242 2333 4307 haec
2379 4247 2617 4307 natura
2668 4261 2801 4306 non

455 4348 688 4429 accipit
735 4345 1082 4430 quidquam
1128 4348 1284 4409 novi
1331 4344 1499 4428 quod
1545 4349 1741 4408 antea
1787 4362 1919 4407 non
1967 4344 2292 4426 habuerit,
2340 4346 2639 4426 quamvis
2682 4343 2801 4407 sub

555 4567 570 4594 ¹
599 4566 727 4627 Eoe„
765 4580 846 4633 111,
891 4566 970 4620 14.

2856 4260 2908 4315 p.
2943 4247 3030 4299 29.
