3400 5642
236 1631 297 1676 10

234 2141 293 2185 15

1311 557 1762 645 *1165st

356 703 427 763 in
453 719 575 772 ,suo
613 721 649 764 ε(
675 699 821 766 fieri
846 723 881 766 »
916 721 1049 766 non
1080 705 1457 767 amitterent
1488 702 1655 787 quod
1686 708 1896 787 erant,
1929 702 2232 774 mirabile
2266 707 2364 768 est
2403 708 2469 766 et
2499 703 2712 785 magis

357 801 742 886 stupendum
789 823 982 887 quam
1031 803 1201 868 alios
1252 807 1323 868 in
1376 825 1410 878 ς(
1442 802 1589 868 fieri
1621 826 1657 868 2>
1709 807 1910 889 ipsius
1964 804 2048 870 ad
2093 806 2546 876 exsistentiam
2599 801 2712 868 ad-

356 905 526 970 duci.
574 905 673 970 Ita
721 905 977 989 quidem
1026 911 1249 990 gestae
1296 911 1446 970 sunt
1493 926 1601 974 res
1620 911 1701 970 -ut
1735 905 2040 990 quidquid
2078 925 2196 989 per
2241 907 2360 970 Dei
2405 908 2711 978 exinani-

355 1010 601 1072 tionem
648 1007 892 1082 factum
938 1013 1055 1091 est,
1104 1013 1505 1092 agnoscatur
1564 1027 1708 1072 esse
1770 1007 2140 1092 prodigium
2203 1007 2370 1092 quod
2416 1006 2711 1072 creditur

356 1109 471 1174 sed
516 1129 648 1182 non
680 1110 1105 1194 intellegitur,
1155 1109 1323 1194 quod
1353 1111 1774 1194 praedicatur
1803 1109 1918 1174 sed
1948 1129 2080 1174 non
2113 1107 2706 1194 comprehenditur.

354 1209 521 1274 Cum
564 1214 739 1284 enim
787 1212 957 1276 Deus
1003 1233 1089 1278 ex
1134 1215 1417 1276 essentia
1480 1211 1860 1281 abscondita
1908 1210 1992 1275 ad
2037 1213 2449 1276 nativitatem
2497 1213 2709 1284 mani-

353 1311 590 1388 festam
636 1334 753 1398 per
798 1313 1347 1397 dispensationem
1378 1317 1607 1378 venire
1647 1313 1874 1396 voluit,
1909 1315 2129 1379 omnia
2161 1311 2373 1376 denuo
2422 1310 2710 1378 *instau-

353 1414 565 1479 randa
612 1424 819 1483 erant.
869 1415 1278 1501 Quapropter
1322 1436 1455 1480 non
1500 1416 1709 1482 solum
1741 1435 2009 1482 carnem
2039 1415 2153 1479 sed
2183 1417 2382 1479 etiam
2415 1417 2704 1480 animam

355 1520 719 1601 assumpsit,
769 1524 840 1590 ut
885 1538 1004 1602 per
1048 1538 1315 1588 carnem
1364 1521 1581 1582 omnia
1621 1518 1910 1583 visibilia
1943 1523 2008 1582 et
2053 1537 2172 1601 per
2202 1520 2490 1586 animam
2535 1519 2706 1580 invi-

352 1619 593 1701 sibilia,
640 1619 707 1684 id
756 1625 871 1702 est,
922 1640 1176 1687 omnem
1224 1626 1596 1688 creaturam
1643 1619 2034 1684 rationalem
2097 1625 2162 1684 et
2206 1619 2588 1702 spiritalem,
2637 1621 2707 1682 in

352 1741 425 1784 se
474 1723 611 1804 ipso
658 1727 1029 1804 renovaret,
1064 1724 1157 1786 ita
1200 1726 1276 1785 .ut
1318 1723 1402 1790 ob
1448 1722 1621 1789 hanc
1668 1740 1934 1786 causam
1965 1719 2312 1804 Apostolus
2343 1719 2562 1786 dicere
2595 1741 2708 1804 po-

350 1826 558 1887 tuerit
586 1822 639 1887 ¹:
709 1845 744 1887 «
774 1823 1013 1897 ,Omnia
1074 1827 1137 1889 iu
1201 1824 1463 1889 Christo
1501 1823 1679 1890 facta
1733 1829 1882 1888 sunt
1926 1843 2101 1888 nova
2136 1845 2194 1906 7»,
2253 1829 2318 1887 et
2378 1827 2618 1888 iterum
2641 1821 2702 1888 2:

356 1946 395 1988 ‹
430 1925 661 1991 Omnia
710 1946 827 2010 per
872 1929 1080 2011 ipsum
1129 1932 1194 1990 et
1240 1930 1309 1998 in
1368 1931 1510 2011 ipso
1556 1932 1782 1992 creata
1843 1931 2012 2010 sunt,
2061 1929 2200 1990 sive
2248 1926 2516 2007 Throni,
2567 1928 2705 1990 sive

350 2028 843 2094 Dominationes
874 2049 934 2111 »,
984 2049 1129 2093 cum
1176 2029 1325 2096 aliis
1370 2028 1708 2093 ordinibus
1753 2029 1845 2092 ibi
1893 2031 2309 2094 enumeratis.

444 2129 667 2212 Itaque
715 2130 885 2194 Deus
931 2131 1171 2214 absque
1218 2133 1577 2194 mutatione
1624 2130 1837 2196 factus
1883 2137 1981 2195 est
2027 2129 2194 2214 quod
2239 2151 2373 2195 non
2419 2136 2583 2212 erat,
2639 2130 2706 2194 id

352 2241 444 2296 est
501 2231 714 2315 homo,
786 2238 851 2296 et
897 2235 965 2296 in
1012 2235 1295 2304 essentia
1342 2253 1461 2298 sua
1506 2236 1748 2300 mansit
1794 2232 1961 2316 quod
2015 2239 2177 2315 erat,
2243 2233 2488 2298 scilicet
2535 2234 2706 2297 Deus

350 2339 418 2398 et
466 2332 687 2398 Filius.
737 2335 820 2397 Et
866 2334 1399 2418 quemadmodum
1449 2334 1748 2400 homines
1794 2333 1957 2398 fiunt
2003 2335 2170 2419 quod
2215 2355 2346 2398 non
2394 2341 2604 2418 erant,
2637 2335 2704 2400 id

350 2441 451 2500 est
496 2433 617 2498 filii
663 2436 799 2518 Dei,
848 2441 913 2500 et
959 2442 1245 2518 manent,
1294 2439 1461 2500 sicut
1508 2436 1693 2500 oculo
1743 2442 2074 2521 apparent,
2109 2437 2440 2512 homines;
2489 2439 2584 2501 ita
2640 2443 2705 2501 et

348 2538 525 2606 Deus
568 2537 781 2608 factus
812 2544 911 2607 est
942 2537 1109 2622 quod
1140 2558 1272 2603 non
1302 2545 1467 2622 erat,
1503 2539 1567 2604 id
1598 2545 1697 2604 est
1744 2539 1957 2622 home,
1993 2546 2058 2604 et
2103 2542 2480 2623 permansit,
2536 2543 2706 2604 sicut

348 2643 421 2702 in
469 2643 749 2714 veritate
797 2646 863 2704 et
907 2647 1147 2712 natura
1195 2646 1312 2724 est,
1361 2642 1549 2705 Deus.
1603 2663 1638 2705 «
1673 2641 1921 2706 Fieri»
1989 2645 2130 2712 eius
2176 2645 2522 2708 essentiam
2571 2661 2705 2706 non

346 2745 647 2824 mutavit,
681 2762 805 2814 nec
834 2745 1119 2815 essentia
1170 2765 1205 2809 ‹<
1239 2742 1384 2816 fieri
1418 2766 1453 2806 »
1506 2747 1647 2815 eius
1678 2743 2036 2828 dissipavit.
2072 2745 2330 2811 Etenim
2355 2749 2702 2828 antequam

346 2841 541 2918 fieret
587 2847 649 2907 ei
696 2849 841 2908 erat
902 2850 1153 2935 tantum
1202 2847 1507 2922 essentia;
1566 2845 1699 2929 sed,
1750 2853 2086 2931 postquam
2131 2846 2344 2916 factus
2391 2851 2506 2928 est,
2557 2865 2702 2912 cum

346 2965 431 3008 ea
478 2945 708 3010 habuit
755 2948 952 3020 etiam
1003 2967 1039 3021 «
1072 2945 1218 3012 fieri
1252 2969 1325 3024 »;
1377 2952 1441 3012 et
1472 2947 1645 3012 idem
1677 2953 1776 3012 est
1805 2947 1978 3012 filius
2009 2953 2332 3021 essentiae
2381 2955 2445 3012 et
2470 2947 2700 3029 factuS,

346 3046 643 3111 Verbum
690 3053 756 3111 et
796 3067 975 3130 joam,
1024 3049 1195 3122 Deus
1240 3055 1305 3114 et
1352 3049 1563 3122 homo.
1616 3051 1699 3114 Et
1745 3049 2282 3135 quemadmodum
2327 3051 2522 3116 homo
2568 3071 2702 3120 non

347 3153 643 3215 mutatur
674 3149 826 3214 dum
856 3171 942 3214 ex
972 3147 1401 3235 corporali‘fit
1430 3152 1764 3237 spiritaliS,
1797 3155 1890 3220 ita
1921 3172 2044 3217 nec
2077 3153 2245 3225 Deus
2275 3155 2700 3218 mutationem

343 3270 577 3334 passus
624 3258 721 3316 est
766 3273 913 3318 cum
960 3275 1045 3326 ex
1076 3255 1359 3338 spiritali
1388 3255 1768 3339 corporalis,
1818 3262 1882 3319 et
1915 3275 2000 3319 ex
2031 3255 2252 3324 Verbo
2285 3275 2442 3320 caro
2487 3254 2699 3330 factus

2762 1337 2820 1392 p.
2851 1325 2977 1378 222.

344 3356 449 3416 sit.
500 3355 779 3438 Etenim,
829 3359 978 3440 quia
1010 3356 1340 3421 infirmum
1374 3363 1518 3422 erat
1548 3357 1886 3422 hominum
1916 3361 2196 3442 primum
2248 3379 2284 3421 ‹
2318 3357 2465 3421 fieri
2499 3379 2557 3433 »,
2609 3362 2694 3422 si·
2780 3417 2788 3424 .

344 3455 605 3538 quidem
634 3477 669 3520 ‹<
694 3455 843 3531 fieri
860 3479 895 3520 »
926 3459 1260 3528 hominum
1282 3458 1407 3522 fuit
1430 3462 1685 3530 initium
1713 3462 2136 3524 exsistentiae
2162 3480 2406 3542 eorum,
2436 3480 2696 3534 necesse

342 3555 471 3622 fuit
502 3563 573 3621 ut
603 3559 783 3625 aliud
811 3563 1090 3644 initium,
1122 3561 1191 3624 id
1222 3567 1319 3631 est
1370 3583 1405 3624 ‹<
1438 3559 1585 3626 fieri
1610 3583 1645 3626 »
1695 3563 1834 3644 Dei,
1867 3566 1951 3626 sit
1983 3565 2370 3647 principium
2423 3583 2458 3626 «
2486 3561 2633 3630 fieri
2659 3584 2694 3625 »

340 3663 573 3743 nostri,
624 3667 689 3725 et
720 3661 863 3727 loco
885 3662 1061 3726 illius
1093 3665 1286 3747 primi
1315 3662 1743 3747 fundamenti,
1777 3663 1944 3747 quod
1975 3669 2119 3728 erat
2142 3663 2470 3734 infirmum
2503 3670 2568 3728 et
2599 3669 2696 3729 in-

343 3763 601 3846 stabile,
621 3764 798 3836 aliud
816 3772 1169 3849 poneretur
1191 3763 1448 3830 firmum
1468 3771 1533 3829 et
1556 3769 2030 3849 inconcussum,
2050 3770 2141 3831 ita
2166 3772 2237 3830 ut
2255 3766 2480 3831 domus
2505 3786 2700 3852 super

342 3865 504 3930 illud
540 3866 984 3938 aedificandae
1017 3889 1143 3932 non
1176 3871 1340 3938 sicut
1372 3867 1527 3938 olim
1560 3876 1964 3952 corruerent,
2015 3869 2146 3952 sed,
2195 3873 2440 3934 virtute
2489 3870 2572 3962 ab
2619 3889 2697 3935 eo

345 3975 634 4052 accepta,
685 3969 924 4053 absque
972 3969 1395 4036 dissolutione
1444 3975 1509 4034 et
1556 3974 1910 4040 mutatione
1958 3975 2027 4034 in
2061 3977 2401 4042 aeternum
2441 3990 2698 4055 perma-

341 4076 601 4145 nerent,
648 4069 751 4135 *et
796 4077 1000 4136 totum
1033 4069 1399 4144 aedificium
1430 4071 1739 4139 firmitate
1771 4059 2208 4146 fundamentis
2246 4072 2456 4136 simile
2505 4077 2695 4145 esset,

341 4178 409 4236 et
458 4174 659 4239 arbor
704 4174 932 4248 radici,
966 4181 1031 4240 et
1062 4175 1361 4260 palmites
1392 4178 1545 4238 viti:
1585 4197 1621 4239 ‹
1654 4175 1799 4258 Ego
1831 4196 1973 4240 sum
2003 4177 2174 4240 vitis
2211 4180 2276 4246 et
2305 4194 2424 4240 vos
2469 4174 2698 4258 palmi-

344 4283 441 4352 tes
476 4278 499 4318 3
526 4298 586 4352 ».
622 4280 687 4339 et
723 4298 758 4339 ‹<
792 4276 994 4368 Pater
1022 4297 1203 4346 meus
1228 4276 1523 4360 agricola
1548 4282 1646 4340 est
1669 4277 1729 4341 ³²:
1765 4297 1826 4342 ».
1867 4277 1950 4340 Et
1973 4276 2216 4343 Paulus
2239 4279 2331 4340 ait
2357 4276 2415 4340 ⁵:
2463 4297 2500 4340 4(
2529 4276 2700 4340 Fun-

432 4513 523 4568 ¹11
562 4516 709 4576 Cor„
747 4529 801 4575 v,
845 4516 926 4569 17.
966 4545 1009 4554 -
1072 4513 1095 4544 ²
1123 4516 1353 4576 Coloss„
1390 4528 1428 4576 1,
1470 4515 1550 4568 16.
1592 4545 1633 4554 -
1698 4513 1720 4544 ³
1758 4513 2031 4577 IOHANN„
2062 4529 2164 4580 xv,
2190 4517 2240 4570 5.
2267 4545 2337 4554 —
2378 4516 2400 4546 ⁴
2426 4517 2696 4579 lomim..

338 4614 445 4661 xv.
484 4601 532 4652 1.
580 4630 635 4638 -
678 4598 701 4629 ⁵
740 4600 758 4652 1
799 4601 943 4663 Cor.,
982 4614 1063 4662 111,
1104 4599 1188 4652 11.

2752 4094 2806 4150 p.
2837 4079 2963 4134 223.
