3400 5642
678 659 801 720 scit
846 675 995 720 eum
1041 653 1359 736 confiteri,
1408 657 1790 738 quicumque
1815 674 2045 738 nempe
2079 651 2426 719 confltetur
2469 671 2670 716 unum
2721 652 2794 726 in
2819 650 3026 715 tribus

678 764 745 822 et
788 763 925 822 tres
971 761 1040 821 in
1087 777 1237 840 uno,
1286 777 1409 822 nec
1462 757 1693 822 dividit
1753 760 2074 822 unitatem
2120 761 2386 840 propter
2429 753 2848 835 *trinitatem,
2905 771 3026 816 nec

678 859 1017 925 confundit
1040 863 1403 924 trinitatem
1428 880 1545 945 per
1568 859 2044 925 confessionem
2069 861 2354 924 unitatis.
2383 858 2642 922 Etenim
2665 859 2734 920 τὸ
2761 877 2799 920 ‹
2825 861 2962 920 tres
2985 877 3020 919 »

676 975 761 1051 τῷ
813 988 849 1030 ⁴<
882 986 1049 1030 unus
1082 987 1118 1030 »
1184 987 1317 1032 non
1378 965 1791 1048 adversatur,
1855 985 2063 1049 neque
2121 968 2192 1029 τὸ
2241 985 2280 1029 «
2311 984 2480 1028 unus
2510 986 2547 1029 »
2611 971 2696 1046 τῷ
2747 969 2954 1027 «tres
2985 985 3020 1026 »

678 1074 1023 1153 repugnat,
1074 1073 1225 1153 quia
1272 1089 1439 1133 unus
1486 1074 1584 1133 est
1630 1070 1803 1133 Deus
1849 1071 1918 1132 in
1949 1087 2332 1152 unaquaque
2365 1087 2664 1151 persona.
2700 1066 2879 1130 Haec
2913 1085 3027 1148 per

680 1170 1067 1254 exemplum,
1118 1171 1271 1236 licet
1316 1170 1714 1253 impossibile
1761 1173 1846 1234 sit
1891 1170 2258 1254 exemplum
2306 1189 2392 1234 ex
2437 1171 2616 1234 omni
2661 1173 2848 1251 parte
2871 1185 3024 1231 con-

680 1291 915 1355 gruum
961 1291 1123 1352 esse,
1174 1271 1529 1355 symbolice
1578 1269 1934 1335 ostendam.
1985 1269 2540 1343 Quemadmodum
2587 1273 2762 1334 enim
2794 1271 2864 1332 in
2895 1287 3026 1332 una

676 1379 917 1437 natura
964 1373 1253 1437 humana
1301 1372 1601 1437 homines
1646 1371 2160 1436 innumerabiles
2205 1377 2374 1454 sunt,
2409 1377 2474 1436 et
2505 1391 2638 1435 una
2660 1374 2882 1434 tamen
2929 1374 3025 1434 est

679 1481 919 1540 natura
968 1474 1256 1538 humana
1302 1481 1370 1539 et
1414 1478 1850 1558 unusquisque
1897 1493 2066 1538 unus
2109 1474 2304 1539 homo
2351 1476 2764 1557 agnoscitur;
2815 1476 2909 1538 ita
2961 1477 3025 1536 et

676 1581 747 1640 in
792 1578 1003 1642 tribus
1049 1580 1367 1661 personis,
1414 1597 1584 1641 unus
1631 1578 1802 1641 Deus
1847 1584 1967 1659 est,
2015 1582 2080 1642 et
2125 1597 2294 1640 unus
2339 1577 2510 1642 Deus
2539 1579 2608 1639 in
2639 1576 2852 1640 tribus
2881 1596 3027 1659 per-

678 1683 875 1761 soniS,
928 1682 1091 1743 sicut
1140 1699 1365 1744 omnes
1411 1680 1711 1744 homines
1757 1684 1907 1744 sunt
1949 1699 2121 1743 unus
2165 1679 2360 1744 homo
2407 1683 2474 1742 et
2519 1699 2686 1743 unus
2731 1678 2926 1743 homo
2955 1681 3026 1741 in

679 1800 1061 1864 unoquoque
1108 1781 1342 1845 horum
1391 1780 1774 1846 ostenditur.
1825 1781 1958 1846 Nec
2004 1785 2145 1848 tres
2164 1800 2516 1865 personae
2539 1779 2854 1846 dicendae
2877 1786 3026 1844 sunt

676 1888 813 1946 tres
860 1884 982 1966 Dii,
1035 1887 1185 1966 quia
1228 1904 1361 1949 non
1409 1890 1559 1948 sunt
1602 1887 1736 1948 tria
1782 1884 2010 1960 Entia;
2075 1884 2190 1948 sed
2235 1884 2436 1948 Pater
2481 1882 2882 1948 solummodo
2929 1887 3024 1947 est

681 2006 718 2047 «
751 1987 885 2050 Ens
908 2007 968 2069 »,
1002 1992 1069 2050 et
1099 1985 1305 2051 Filius
1340 2007 1375 2050 «
1398 1987 1587 2051 Entis
1616 1986 1788 2050 filius
1813 2007 1873 2068 »,
1907 1994 1972 2051 et
2003 1986 2280 2070 Spiritus
2313 2007 2351 2050 ‹
2377 2006 2464 2050 ex
2493 1986 2660 2050 Ente
2687 2007 2744 2050 ».
2780 1985 2864 2048 Et
2893 2006 3023 2050 una

678 2088 987 2154 divinitas
1012 2089 1429 2173 agnoscenda
1453 2095 1569 2170 est,
1597 2093 1746 2173 quia
1779 2109 1910 2153 una
1943 2096 2042 2154 est
2063 2092 2381 2165 essentia;
2417 2095 2482 2153 et
2509 2094 2652 2173 post
2673 2090 3024 2153 essentiam

676 2196 742 2256 et
790 2191 1201 2256 divinitatem
1248 2197 1607 2275 sequuntur
1668 2195 1868 2256 etiam
1929 2197 2170 2273 cetera,
2235 2191 2484 2256 scilicet
2530 2209 2662 2254 una
2709 2192 3022 2274 operatio,

678 2312 811 2356 una
858 2295 1185 2374 maiestaS,
1236 2313 1365 2357 una
1430 2297 1621 2375 actio,
1670 2313 1804 2356 una
1864 2297 2173 2377 potentia,
2223 2312 2422 2356 unum
2482 2295 2845 2375 imperium,
2893 2310 3025 2355 una

680 2400 985 2479 potestaS,
1052 2415 1183 2459 una
1244 2395 1567 2477 voluntaS,
1616 2415 1749 2459 una
1795 2399 2024 2477 virtuS,
2075 2397 2244 2460 Deus
2304 2414 2556 2478 nempe,
2613 2395 2748 2458 Ens
2791 2399 2858 2458 et
2904 2395 3024 2458 Do-

680 2501 895 2561 minus
942 2501 1365 2581 omnipotens,
1417 2501 1525 2582 qui
1570 2501 1641 2561 in
1686 2499 1898 2562 tribus
1929 2503 2224 2581 personis
2255 2501 2656 2582 agnoscitur,
2689 2516 2879 2581 quem
2908 2517 3027 2562 nos

680 2601 1027 2664 christiani
1074 2599 1475 2683 confitemur,
1516 2613 1712 2684 ‘quem
1761 2621 1800 2664 a
1846 2601 2058 2665 beatis
2104 2601 2436 2685 prophetis
2497 2600 2840 2665 didicimus
2885 2620 3025 2664 esse

678 2723 879 2766 unum
926 2707 991 2766 et
1037 2723 1076 2766 a
1108 2707 1351 2767 sanctis
1398 2703 1707 2788 apostolis
1753 2724 1898 2768 eum
1947 2707 2018 2766 111
2061 2704 2272 2769 tribus
2293 2704 2622 2786 personis
2667 2721 3025 2786 agnoscen-

678 2805 847 2870 dum.
906 2806 987 2869 Et
1036 2806 1209 2870 idem
1254 2812 1351 2870 est
1398 2812 1462 2870 et
1510 2806 1801 2872 creditur
1860 2826 2028 2870 unus
2073 2809 2143 2869 in
2188 2807 2398 2870 tribus
2443 2812 2510 2870 et
2561 2812 2698 2870 tres
2743 2807 2815 2868 in
2860 2825 3021 2880 uno;

676 2927 829 2971 nam
878 2911 947 2970 in
995 2911 1244 2972 unitate
1292 2912 1614 2972 essentiae
1663 2908 1958 2973 confusio
2003 2927 2138 2974 non
2183 2913 2300 2990 est,
2355 2927 2562 2991 neque
2618 2906 2854 2971 divisio
2917 2912 3026 2972 aut

679 3008 1031 3073 diversitas
1077 3013 1147 3072 in
1193 3009 1722 3074 manifestatione
1771 3030 2200 3095 personarum
2245 3013 2404 3074 eius.
2445 3009 2570 3073 Cui
2601 3012 2686 3074 sit
2717 3009 2932 3092 gloria
2965 3013 3028 3072 et

677 3112 891 3174 honor
922 3111 1006 3175 ab
1037 3112 1335 3175 omnibus
1366 3115 1688 3176 creaturis
1712 3112 2262 3176 intellectualibus
2286 3118 2351 3176 et
2373 3111 2808 3193 sensibilibus,
2833 3130 3024 3193 nunc,

678 3218 743 3276 et
791 3232 1065 3296 semper,
1116 3219 1180 3276 et
1221 3217 1289 3278 in
1338 3214 1600 3278 saecula
1648 3214 2075 3278 saeculorum.
2127 3214 2354 3279 Amen.

3079 1589 3130 1630 10

3079 2101 3125 2144 15

3078 2612 3129 2652 20

3077 3122 3132 3164 25
