3400 5642
1483 940 1592 995 DE

515 1129 1364 1231 PHILOXENI
1458 1131 2557 1233 MABBUGEhsls

1143 1347 1349 1414 VITA
1395 1350 1502 1417 ET
1549 1348 1924 1416 SCRIPTIS

1515 1754 1544 1822 I

461 1965 915 2053 Philoxemm,
972 1966 1271 2059 primum
1325 1967 1605 2061 quidem
1671 1968 1982 2042 Xenaias
2039 1970 2291 2059 dictuS,
2352 1970 2581 2055 Talial
2636 1971 2709 2043 in

354 2088 602 2180 oppido
655 2068 1052 2179 provinciae
1107 2087 1628 2175 Garmaeorum,
1699 2088 2073 2177 Persarum
2146 2090 2437 2183 dicione,
2496 2099 2705 2177 natus

352 2216 459 2279 est
510 2214 668 2279 ante
725 2207 1029 2283 medium
1085 2207 1442 2287 saeculum
1497 2230 1563 2278 v.
1633 2208 1817 2279 Eum
1853 2210 2071 2281 fuisse
2110 2210 2509 2305 condicione
2548 2233 2703 2282 ser-

352 2351 520 2397 vum
547 2335 616 2399 et
649 2326 1078 2420 baptismatis
1107 2336 1452 2399 exsortem
1489 2328 1729 2401 fabula
1764 2336 1870 2417 est
1906 2330 1976 2399 in
2004 2330 2240 2401 odium
2278 2330 2415 2401 viri
2450 2330 2703 2409 haerer-

353 2446 472 2517 tici
525 2447 612 2519 ab
670 2447 1070 2521 orthodoxis
1127 2448 1542 2539 excogitata.

461 2567 636 2642 Cum
691 2567 902 2639 fratre
970 2590 1125 2655 sue,
1183 2567 1428 2653 Addai⁷
1487 2568 1786 2655 nomine,
1856 2568 2242 2663 disciplinis
2317 2568 2705 2641 studiorum

347 2710 632 2781 operam
686 2687 972 2759 navavit
1023 2688 1359 2776 Edessae,
1417 2687 1491 2759 in
1529 2688 1786 2762 celebri
1822 2690 2099 2777 Schola,
2132 2690 2299 2759 dum
2326 2690 2481 2787 Ibas
2514 2690 2705 2763 urbis

350 2809 816 2901 episcopatum
872 2808 1157 2899 gerebat
1187 2803 1629 2906 (435-457).
1691 2809 1845 2893 Quo
1882 2818 2113 2881 autem
2144 2832 2320 2888 anno
2358 2810 2703 2881 Edessam

350 2928 708 3023 reliquerit
759 2928 957 3007 nobis
1013 2927 1510 3022 incompertum
1563 2937 1690 3006 est.

457 3048 728 3121 Scimus
783 3056 1012 3123 tamen
1062 3072 1226 3129 ‚eum
1276 3050 1787 3122 ‚confessionem
1847 3050 2052 3120 unius
2108 3049 2180 3119 in
2236 3048 2508 3120 Christo
2572 3072 2701 3121 na-

341 3175 568 3254 turae,
627 3190 894 3241 summo
951 3168 1198 3239 ardore
1270 3168 1773 3261 propagavisse
1830 3178 1898 3239 et
1961 3169 2331 3241 concilium
2400 3168 2702 3240 Chalce-

346 3288 652 3359 donense
709 3288 958 3359 acriter
1008 3288 1559 3381 impugnavisse,
1593 3297 1739 3358 tum
1794 3290 1867 3359 in
1904 3288 2404 3383 Mesopotamia
2442 3298 2588 3359 tum
2624 3290 2697 3359 in

349 3406 592 3499 Syria3
645 3406 1020 3482 monachos
1056 3408 1462 3499 praesertim
1499 3406 1634 3477 sibi
1671 3408 2039 3479 conciliare
2080 3407 2364 3495 studuit,
2408 3416 2475 3477 et
2510 3408 2697 3501 apud

346 3547 469 3597 eos
524 3548 858 3617 magnum
912 3528 1223 3600 savorem
1279 3535 1642 3602 assecutus
1699 3549 1855 3599 esse
1911 3528 2211 3599 videtur.

455 3645 858 3730 Calandion‚
898 3646 1289 3739 patriarcha
1327 3647 1751 3720 orthodoxus
1790 3647 2197 3718 Antiochiae
2248 3641 2696 3743 (482-485),

346 3788 386 3836 e
423 3788 553 3837 sua
590 3766 914 3852 dioecesi,
956 3788 1162 3861 quam
1198 3766 1823 3859 praedicationibus
1850 3766 2315 3860 perturbabat,
2366 3767 2696 3837 Philoxe-

345 3908 513 3955 num
567 3885 852 3977 expulit.
913 3885 1050 3956 Sed
1107 3909 1266 3955 mox
1321 3886 1735 3978 patriarcha,
1805 3910 1964 3957 cum
2028 3885 2344 3957 henotico
2403 3887 2699 3956 Zenonis

347 4004 784 4077 subscribere
841 4013 1230 4076 constanter
1301 4015 1676 4091 recusaret,
1738 4007 1809 4075 in
1864 4008 2265 4100 Aegyptum
2340 4007 2694 4099 relegatus

345 4133 472 4209 est,
531 4147 612 4195 ac
645 4125 883 4199 sedem
921 4124 1424 4201 Antiochenam
1459 4126 1660 4201 tertia
1688 4126 2137 4219 viceaccepit
2172 4126 2422 4197 Petrus
2460 4126 2690 4197 Fullo.

453 4246 518 4315 Is
574 4252 825 4332 autem,
883 4244 1340 4337 Hierapoleos
1379 4241 1644 4341 .(quam
1706 4246 2069 4317 civitatem
2140 4246 2302 4338 Syri
2357 4246 2691 4341 Μαόἂΐιρ,

333 4363 664 4436 hodierni
717 4387 885 4435 vero
941 4363 1211 4435 Arabes
1267 4362 1610 4458 Manbidj
1648 4361 1917 4462 dicunt)
1958 4364 2359 4459 episcopum
2404 4366 2696 4437 instituit

343 4484 830 4571 Philoxenum,
883 4506 1062 4553 anno
1120 4482 1298 4553 485.

555 4674 690 4715 sni.
731 4689 798 4701 -
836 4674 890 4714 B.
927 4690 997 4699 —
1032 4674 1220 4715 xxvn.
2449 4664 2477 4717 1

1209 5254 1673 5353 643060
