3400 5642
514 2131 570 2188 p.
606 2115 726 2172 146.

1744 533 2192 620 «(11ομ-

786 679 1146 762 inexperte.
1198 677 1279 741 Et
1324 675 1477 742 dum
1516 677 1712 742 homo
1741 677 2084 761 naturalia,
2117 677 2426 764 Spiritum
2459 679 2862 763 accipiend0‚
2915 679 3037 744 Dei
3077 676 3141 742 fit

786 777 961 844 filius
1004 781 1073 844 in
1118 780 1457 865 baptismo,
1506 781 1599 844 ita
1654 779 1860 844 Filius
1913 780 2048 864 Dei,
2105 781 2276 846 Deus
2327 781 2642 865 Verbum,
2697 800 2982 847 carnem
3033 801 3141 866 per

784 882 1381 964 incorporationem
1428 880 1838 962 assumend0‚
1891 879 2106 947 factus
2158 887 2256 947 est
2309 881 2506 948 homo
2551 885 2621 947 in
2667 883 2960 968 Virgine
3007 887 3138 947 sine

786 983 1177 1059 mutatione;
1228 988 1295 1046 et
1338 981 1490 1048 dum
1538 983 1734 1048 homo
1781 983 2144 1068 corporalis
2187 981 2258 1048 fit
2303 986 2374 1048 in
2427 984 2748 1069 baptismo
2799 985 3136 1070 spiritalis,

784 1083 879 1148 ihi
922 1086 991 1148 in
1038 1084 1318 1168 Virgine
1372 1091 1437 1150 et
1490 1104 1576 1150 ex
1623 1105 1706 1150 ea
1761 1086 1930 1152 Deus
1983 1085 2297 1171 spiritalis
2339 1085 2554 1152 factus
2599 1092 2699 1152 est
2751 1088 2954 1153 homo
3001 1108 3138 1153 cor·
3201 1105 3221 1148 5
3325 1083 3327 1100 ³

785 1186 1047 1270 poraliS.
1098 1189 1177 1252 Et
1210 1187 1746 1272 quemadmodum
1779 1187 1976 1254 homo
2005 1191 2076 1253 in
2105 1188 2398 1254 naturali
2429 1189 2738 1275 adspectu
2769 1211 2888 1255 suo
2931 1193 3137 1275 primo

784 1295 1006 1355 manet
1050 1293 1249 1355 etiam
1296 1295 1632 1374 postquam
1676 1289 1891 1355 factus
1935 1295 2034 1354 est
2079 1289 2274 1356 homo
2303 1309 2515 1355 novus
2545 1310 2629 1356 ex
2661 1291 3010 1376 baptismo,
3051 1295 3137 1355 ita

784 1396 849 1454 et
896 1391 1067 1456 Deus
1118 1395 1187 1456 in
1239 1396 1481 1456 natura
1534 1411 1651 1457 sua
1707 1392 1947 1476 absque
2009 1396 2366 1458 mutatione
2429 1397 2788 1477 permansit
2835 1398 3040 1459 etiam
3085 1398 3137 1457 si

784 1491 979 1557 homo
1026 1497 1191 1558 sicut
1236 1513 1357 1558 nos
1402 1493 1615 1560 factus
1660 1500 1777 1558 est.
1829 1495 1909 1558 Et
1956 1494 2492 1579 quemadmodum
2540 1495 2734 1561 homo
2780 1515 2917 1560 non
2947 1516 3136 1581 repu-

782 1599 964 1660 tatur
1009 1595 1135 1660 duo
1182 1616 1325 1660 esse
1370 1597 1483 1661 ubi
1528 1593 1600 1662 fit
1646 1595 1818 1662 filius
1865 1597 1982 1662 Dei
2029 1617 2115 1662 ex
2161 1597 2502 1682 baptismo,
2549 1599 2644 1662 ita
2681 1598 3004 1664 nonlicet
3033 1599 3134 1662 Fi·
3181 1619 3222 1664 lo

782 1693 941 1760 lium
974 1697 1111 1778 Dei,
1146 1699 1255 1781 qui
1283 1685 1497 1762 factu's
1528 1703 1625 1762 est
1656 1697 1852 1763 homo
1877 1719 1964 1762 ex
1989 1699 2289 1782 Virgine,
2319 1702 2662 1764 numerari
2685 1699 2848 1764 duos
2871 1705 3133 1784 propter

783 1795 909 1864 hoc
941 1799 1109 1883 quod
1137 1798 1351 1864 factus
1380 1805 1497 1864 est.
1534 1799 1616 1866 Et
1647 1800 2186 1884 quemadmodum
2219 1799 2434 1883 homo,
2468 1799 2620 1865 dum
2651 1805 2722 1865 in
2743 1802 3131 1887 baptismum

784 1900 1135 1984 descendit,
1185 1901 1378 1966 homo
1424 1907 1679 1966 tantum
1727 1905 2128 1986 agnoscitur,
2175 1901 2290 1966 sed
2335 1907 2672 1987 postquam
2703 1902 3041 1968 descendit
3071 1911 3130 1968 et

783 2003 995 2068 denuo
1042 2009 1303 2068 creatus
1348 2009 1465 2087 est,
1512 2003 1687 2068 idem
1735 2008 1833 2068 est
1879 2001 2050 2068 filius
2097 2022 2214 2089 per
2261 2007 2544 2088 gratiam
2583 2012 2649 2070 et
2678 2005 2877 2070 homo
2909 2026 3132 2071 secun-

782 2105 933 2170 dum
980 2111 1288 2170 naturam
1332 2109 1405 2170 in
1448 2126 1581 2172 uno
1624 2125 1922 2190 numer0,
1969 2125 2104 2170 non
2149 2103 2258 2170 *in
2304 2105 2585 2184 duobus;
2621 2109 2714 2172 ita
2745 2113 2812 2173 et
2841 2109 3129 2173 Verbum
3179 2120 3220 2164 15

781 2209 917 2290 Dei,
968 2227 1115 2273 cum
1169 2207 1252 2272 ad
1295 2208 1645 2293 Virginem
1698 2211 1952 2291 venire,
2015 2209 2186 2273 Deus
2237 2214 2492 2273 tantum
2525 2212 2662 2274 sine
2705 2230 2908 2275 carne
2955 2219 3124 2288 erat;

782 2331 927 2374 cum
976 2316 1192 2375 autem
1248 2330 1317 2375 se
1380 2313 1750 2375 exinanivit
1805 2318 1868 2376 et
1923 2313 1992 2374 in
2037 2317 2228 2375 utero
2289 2311 2614 2376 habitavit
2659 2311 2830 2377 unde
2893 2314 3126 2398 absque

782 2415 1137 2477 mutatione
1202 2412 1704 2478 inhumanatum
1752 2419 1868 2497 est,
1933 2433 2202 2478 carnem
2267 2416 2466 2479 etiam
2527 2414 2788 2491 habuit;
2840 2421 2908 2480 et
2959 2416 3121 2480 idem

781 2517 1161 2597 agnoscitur
1206 2535 1349 2579 esse
1402 2515 1573 2579 Deus
1634 2520 1700 2580 et
1747 2515 1963 2596 hom0‚
2027 2517 2164 2599 ipse
2211 2521 2384 2581 totus
2429 2519 2500 2580 in
2560 2516 2685 2581 hoc
2731 2522 2798 2581 et
2841 2522 3016 2581 totus
3057 2521 3120 2580 in

778 2615 911 2700 illo,
961 2617 1109 2700 quia
1158 2616 1441 2680 dualitas
1486 2619 1549 2681 ei
1593 2635 1728 2681 non
1773 2616 2041 2681 advenit
2083 2636 2208 2682 nec
2253 2637 2596 2682 numerum
2635 2621 2920 2703 accepit;
2977 2639 3119 2684 nam
3165 2629 3211 2673 20

778 2719 1230 2784 inhumanatio
1277 2723 1417 2784 eius
1463 2722 1929 2804 cogitationem
1969 2720 2304 2785 dualitatis
2335 2725 2558 2805 aperte
2591 2721 2900 2804 excludit,
2934 2727 3002 2786 et
3030 2725 3118 2785 in-

778 2824 1077 2886 carnatio
1124 2823 1265 2885 eius
1312 2823 1682 2907 opinionem
1729 2825 2005 2886 numeri.
2059 2822 2138 2886 Et
2169 2821 2704 2906 quemadmodum
2735 2822 2866 2900 ille,
2903 2827 3117 2908 quiex

777 2923 1096 3006 baptismo
1150 2926 1463 3005 nascitur,
1518 2943 1686 2988 unus
1741 2928 1837 2988 est
1891 2927 1960 2988 in
2015 2944 2133 2988 sua
2187 2943 2469 3008 persona
2529 2930 2596 2988 et
2652 2944 2948 3008 numero,
2997 2945 3118 2990 non

778 3031 995 3090 autem
1044 3024 1169 3090 duo
1216 3025 1342 3089 sibi
1386 3028 1671 3091 invicem
1718 3025 2155 3091 adhaerentes
2201 3027 2306 3092 vel
2359 3030 2429 3091 in
2485 3047 2556 3091 se
2611 3030 2895 3092 invicem
2943 3029 3116 3093 habi-

774 3131 1025 3190 tantes:
1075 3129 1167 3190 ita
1214 3134 1280 3192 et
1326 3127 1455 3210 ille,
1506 3131 1613 3211 qui
1646 3147 1732 3192 ex
1765 3129 2044 3212 Virgine
2076 3129 2542 3194 inhumanatus
2573 3135 2688 3212 est,
2738 3130 3119 3214 Unigenitus
3163 3141 3208 3185 τῶ

774 3229 894 3293 Dei
938 3229 1162 3313 Filius,
1210 3251 1378 3294 unus
1425 3235 1521 3294 est
1568 3233 1637 3294 in
1692 3251 1810 3294 sua
1865 3250 2146 3316 persona
2191 3235 2258 3296 et
2309 3251 2604 3315 numerO,
2657 3236 2832 3297 totus
2887 3237 2956 3298 in
3003 3233 3120 3298 hoc

774 3330 945 3414 quod
990 3337 1135 3396 erat
1182 3337 1247 3397 et
1291 3337 1465 3396 totus
1508 3334 1579 3394 in
1624 3331 1750 3396 hoc
1797 3331 1964 3416 quod
2009 3331 2221 3396 factus
2267 3337 2389 3409 est;
2437 3353 2592 3398 nam
2639 3341 2712 3398 ut
2765 3335 2937 3399 Deus
2983 3355 3118 3420 per-

774 3436 983 3501 fectus
1032 3437 1291 3518 genitus
1337 3439 1435 3498 est
1474 3453 1515 3498 a
1544 3435 1745 3498 Patre
1779 3433 2087 3518 perfecte,
2123 3437 2218 3500 ita
2246 3441 2313 3500 et
2345 3435 2542 3500 homo
2572 3436 2904 3521 perfectus
2933 3444 3119 3502 natus

774 3545 873 3604 est
920 3557 1007 3601 ex
1052 3538 1282 3620 Matre,
1332 3555 1497 3620 quae
1544 3543 1607 3601 et
1656 3540 1796 3621 ipsa
1828 3537 2119 3622 perfecta
2152 3544 2250 3602 est
2282 3539 2491 3622 quoad
2522 3559 2872 3624 personam
2911 3549 2980 3606 et
3005 3561 3116 3606 nu-

774 3661 1045 3722 merum,
1094 3639 1447 3703 secundum
1493 3657 1860 3704 sermonem
1909 3639 1986 3703 de
2035 3659 2114 3704 ea
2162 3640 2420 3704 dictum.
2473 3641 2555 3704 Et
2587 3643 3117 3726 quemadmodum
3162 3649 3206 3694 8⁰

773 3745 993 3827 Pater,
1042 3743 1278 3807 Filium
1328 3742 1726 3827 generando,
1773 3761 1906 3805 non
1951 3744 2239 3807 minutus
2285 3748 2401 3826 est,
2449 3746 2544 3808 ita
2589 3763 2712 3808 nec
2755 3745 2970 3829 Virgo
3016 3745 3117 3809 de-

773 3851 1153 3910 trimentum
1200 3866 1391 3930 passa
1438 3852 1535 3910 est
1582 3865 1728 3910 cum
1773 3843 1979 3909 Filius
2026 3865 2112 3909 ex
2157 3849 2298 3930 ipsa
2345 3850 2799 3930 incorporatus
2839 3854 2904 3912 et
2935 3853 3119 3914 natus

774 3954 889 4014 est.
938 3949 1021 4012 Et
1070 3947 1603 4032 quemadmodum
1650 3946 1845 4012 homo
1891 3947 2216 4012 naturalis
2260 3969 2392 4013 non
2441 3953 2539 4013 est
2584 3947 2710 4013 duo
2748 3951 2862 4012 ubi
2893 3949 2966 4013 fit
2995 3953 3115 4034 spi-

773 4051 989 4116 ritalis
1034 4057 1099 4114 et
1144 4049 1317 4114 filius
1362 4051 1501 4124 Dei,
1547 4054 1639 4115 ita
1670 4070 1794 4114 nec
1823 4049 2028 4114 Filius
2058 4051 2384 4116 naturalis
2421 4051 2887 4136 inhumanatus
2919 4057 3116 4136 potest

773 4157 1112 4218 numerari
1158 4152 1283 4218 duo
1330 4153 1481 4218 inde
1529 4151 1695 4237 quod
1741 4151 1954 4217 factus
1985 4158 2084 4216 est
2116 4152 2478 4238 corporalis
2510 4159 2574 4218 et
2607 4153 2778 4218 filius
2808 4154 3113 4235 mulieriS,
3161 4165 3206 4210 33
3325 4235 3327 4240 A

774 4255 887 4320 sed
932 4259 1189 4338 mansit,
1240 4259 1438 4320 etiam
1484 4261 1821 4340 postquam
1867 4253 2080 4319 factus
2125 4260 2242 4337 est,
2291 4275 2424 4320 una
2453 4261 2692 4321 natura
2724 4255 2877 4319 Filii
2908 4259 3114 4320 incar-

773 4363 949 4440 nata,
999 4359 1149 4440 quia
1200 4377 1236 4420 «
1268 4355 1414 4421 fieri
1448 4379 1484 4420 »
1532 4375 1666 4420 non
1713 4362 1953 4420 natura
2009 4359 2150 4420 eius
2204 4362 2320 4440 est,
2380 4377 2543 4441 quae
2600 4361 2792 4422 antea
2849 4360 3116 4422 exsiste-

772 4459 902 4541 bat,
958 4457 1073 4522 sed
1124 4461 1567 4542 incorporatio
1629 4477 1747 4542 per
1801 4477 1992 4542 quam
2047 4477 2314 4521 carnem
2376 4458 2623 4522 hahere
2679 4461 2942 4542 agnitus
3002 4463 3108 4522 est.

770 4560 854 4624 Et
900 4559 1436 4644 quemadmodum
1482 4560 1695 4643 homo,
1746 4580 1831 4624 ex
1878 4564 2067 4623 utero
2113 4564 2324 4642 natue,
2360 4580 2506 4624 cum
2539 4580 2623 4624 ex
2653 4561 2971 4644 baptismo
3001 4579 3110 4624 na·
