3400 5642
465 654 524 711 p.
553 638 644 694 94.

700 635 928 715 sentia,
979 636 1118 699 sive
1165 632 1482 718 quomodo
1527 636 1594 697 in
1641 653 2023 719 unoquoque
2068 632 2341 699 *horum
2372 637 2475 718 sit,
2508 654 2656 700 cum
2704 640 2925 700 tamen
2970 637 3055 699 ab

701 736 914 801 altero
959 754 1087 801 non
1135 737 1219 799 sit
1265 736 1598 802 remotus?

789 836 974 909 Quod
1019 840 1076 902 si
1121 840 1572 903 existimamus
1617 839 1918 923 exempla
1965 859 2051 903 ex
2098 842 2351 904 naturis
2394 841 2697 922 inveniri,
2732 843 2903 905 sicut
2948 859 3060 904 ra-

701 938 880 1003 dium
925 938 1082 1003 solis
1127 942 1236 1023 qui
1281 942 1346 1003 in
1393 940 1530 1005 sole
1577 946 1675 1005 est
1720 946 1787 1005 et
1810 940 2065 1025 ubique,
2112 940 2223 1006 vel
2252 944 2419 1007 sicut
2442 940 2853 1026 splendorem
2884 945 3063 1026 ignis

701 1043 809 1124 qui
854 1043 920 1105 in
967 1043 1120 1125 igne
1167 1046 1267 1107 est
1311 1047 1378 1107 et
1423 1043 1600 1107 circa
1646 1045 1867 1126 ignem
1916 1040 2314 1126 diffunditur,
2348 1043 2457 1108 vel
2486 1046 2654 1109 sicut
2708 1046 3061 1127 cogitatio-
3138 1058 3169 1104 5

700 1161 848 1206 nem
893 1147 1126 1207 mentis
1171 1162 1336 1227 quae
1383 1142 1597 1208 subito
1641 1149 1743 1208 est
1786 1142 2171 1228 ubicumque
2218 1144 2359 1209 vult
2404 1163 2523 1210 nec
2552 1150 2772 1209 tamen
2800 1150 3057 1211 remota

699 1248 800 1308 est
845 1262 886 1307 a
931 1250 1146 1309 mente
1193 1263 1281 1309 ex
1327 1264 1454 1329 qua
1501 1248 1733 1327 oritur,
1780 1245 1948 1311 haec
1992 1246 2296 1331 exempla
2342 1266 2464 1311 non
2512 1249 2676 1311 satis
2706 1246 3055 1311 ostendere

700 1348 964 1428 possunt
1008 1364 1088 1409 ea
1135 1364 1300 1429 quae
1347 1345 1426 1411 de
1457 1364 1538 1411 eo
1569 1344 1906 1422 dicuntum
1956 1364 2107 1411 nam
2136 1346 2439 1431 exempla
2470 1353 2636 1430 sunt,
2670 1367 2798 1413 non
2831 1352 3055 1412 autem

701 1465 810 1511 res
855 1445 940 1511 ad
985 1465 1146 1530 quas
1205 1446 1627 1511 illustrandas
1686 1453 2124 1512 assumuntur.
2171 1446 2255 1513 Et
2300 1468 2509 1531 nem0‚
2558 1452 2617 1512 si
2670 1453 3053 1514 accuratam

701 1550 1042 1613 scientiam
1103 1566 1488 1633 comparare
1535 1548 1694 1631 vult,
1758 1548 1873 1614 illa
1934 1549 2487 1634 comprehendere
2532 1550 2733 1633 valet,
2782 1550 3055 1628 scilicet,
3114 1571 3171 1616 ιο

701 1649 906 1713 solem
952 1655 1017 1715 et
1049 1652 1190 1715 eius
1221 1650 1498 1733 radium,
1523 1656 1638 1715 aut
1661 1655 1882 1737 ignem
1904 1657 1971 1716 et
1992 1654 2135 1717 eius
2166 1652 2593 1737 splendorem,
2626 1657 2740 1717 aut
2772 1658 3059 1717 mentem

703 1757 768 1817 et
815 1752 956 1815 eius
1002 1754 1483 1835 cogitationem.
1530 1751 1614 1817 Et
1659 1756 1725 1817 si
1765 1754 1849 1818 ab
1894 1754 2029 1819 alio
2072 1756 2525 1838 interrogatur
2578 1774 2699 1821 cur
2758 1755 2929 1819 haec
2964 1757 3061 1819 ita

703 1856 850 1935 sint,
899 1851 1006 1919 vel
1052 1874 1178 1939 qua
1225 1858 1499 1940 ratione,
1545 1854 1895 1921 confltetur
1936 1861 2190 1921 tantum
2236 1876 2316 1923 ea
2362 1860 2683 1923 exsistere
2730 1878 2881 1923 cum
2928 1856 3063 1921 illis

703 1976 868 2039 quae
915 1956 1189 2033 habent3
1240 1958 1558 2043 quomodo
1603 1963 1823 2023 autem
1870 1978 1939 2023 se
1984 1959 2228 2023 habeat
2280 1959 2771 2043 unumquodque
2819 1959 3059 2025 horum

703 2060 842 2123 sive
875 2058 1086 2143 quoad
1132 2080 1316 2123 suam
1347 2063 1719 2143 essentiam,
1752 2062 1893 2125 sive
1940 2060 2151 2145 quoad
2182 2080 2263 2125 ea
2308 2080 2475 2145 quae
2514 2060 2599 2125 ab
2644 2064 2785 2145 ipso
2830 2080 3061 2145 proce-
3114 2082 3165 2125 15

704 2158 866 2223 (lunt
910 2165 976 2224 et
1021 2160 1252 2245 quibus
1297 2164 1745 2245 operationem
1777 2181 1961 2226 suam
2008 2160 2404 2245 manifestat,
2452 2181 2585 2227 non
2634 2162 2812 2228 valet
2858 2182 3061 2247 expo-

703 2282 882 2328 nere.
938 2262 1124 2336 Quod
1185 2266 1243 2328 si
1295 2264 1593 2348 exempla
1641 2264 1845 2329 allata
1892 2264 1977 2330 ad
2030 2264 2500 2330 ostendendum
2546 2284 2627 2329 ea
2674 2285 2841 2349 quae
2887 2265 3059 2331 Filio

705 2370 1074 2448 competunt
1105 2365 1213 2430 vel
1243 2364 1597 2429 secundum
1631 2368 1775 2431 eius
1800 2386 1837 2430 «
1856 2386 1999 2431 esse
2017 2386 2053 2430 »
2082 2366 2190 2431 vel
2222 2366 2575 2432 secundum
2606 2371 2749 2433 eius
2782 2389 2817 2430 «
2844 2366 2995 2431 fieri
3020 2390 3056 2429 »

705 2466 1392 2549 incomprehensibilia
1437 2469 1586 2549 sint,
1635 2467 1955 2552 quomodo
1999 2468 2113 2533 ille
2165 2474 2433 2554 propter
2485 2490 2671 2554 quem
2728 2476 3061 2554 assumpta

705 2572 856 2631 sunt
927 2567 1594 2651 comprehenderetur
1667 2569 1775 2635 vel
1844 2575 2355 2653 cognosceretur
2426 2577 2643 2635 mente
2712 2570 3061 2637 cuiuslibet
3110 2592 3165 2637 ω

705 2668 1096 2734 creaturae?
1157 2670 1368 2735 Ambo
1415 2690 1578 2755 ergo
1631 2674 1885 2757 pariter
1936 2671 2317 2737 abscondita
2363 2672 2702 2738 videntur:
2754 2673 3059 2757 exempla

706 2771 956 2836 scilicet
987 2791 1072 2836 ex
1103 2772 1344 2838 mundo
1375 2772 1733 2858 desumpta,
1766 2779 1833 2839 et
1878 2773 1946 2837 id
1990 2780 2258 2858 propter
2302 2775 2471 2859 quod
2502 2782 2944 2859 assumuntur,
2992 2776 3060 2839 id

707 2878 828 2950 est,
873 2874 1080 2939 Filius
1125 2875 1244 2939 Dei
1289 2880 1356 2941 et
1401 2878 1837 2960 proprietates
1866 2879 2008 2940 eius
2050 2880 2315 2961 totaque
2361 2876 2763 2961 dispensatio
2810 2881 2955 2942 eius
2990 2881 3061 2941 in

707 2994 926 3041 carne.
962 2976 1313 3041 Possumus
1356 2983 1610 3043 tantum
1643 2978 1723 3043 de
1756 2978 1953 3043 rebus
1981 2998 2179 3043 voces
2209 2978 2525 3043 adhibere
2566 2986 2633 3045 et
2677 2983 2949 3045 nomina
2995 2988 3061 3045 et

706 3078 933 3159 verba,
967 3081 1134 3143 sicut
1180 3078 1566 3163 audivimuS,
1593 3079 1937 3145 didicimus
1982 3086 2048 3145 et
2093 3083 2479 3165 accepimus,
2528 3084 2669 3146 sive
2708 3102 2797 3146 ex
2840 3082 3060 3146 Libris
3110 3100 3163 3145 25

707 3180 982 3263 SanctiS‚
1015 3184 1156 3245 sive
1181 3200 1265 3246 ex
1294 3181 1604 3246 Patribus
1634 3181 2163 3267 Doctoribusque‚
2196 3182 2579 3249 confitentes
2608 3203 2731 3248 nos
2776 3204 2817 3249 a
2848 3188 3060 3249 scien·

705 3286 800 3348 tia
833 3288 1070 3348 exacta
1103 3302 1326 3347 rerum
1357 3286 1635 3348 istarum
1673 3286 1931 3369 penitus
1976 3290 2261 3351 remotos
2306 3305 2468 3368 esse,
2516 3306 2601 3350 ne
2648 3286 2945 3352 laborem
2990 3288 3061 3350 in

707 3404 832 3469 quo
878 3385 1132 3452 fructus
1175 3405 1309 3451 non
1355 3389 1461 3465 sit,
1501 3405 1988 3470 prosequamur.

795 3486 1120 3572 Scriptum
1165 3492 1264 3553 est
1307 3487 1674 3571 *Angelum
1720 3488 2006 3572 Virgini,
2040 3509 2186 3555 cum
2234 3493 2297 3554 ei
2344 3493 2648 3575 apparuit
2694 3497 2759 3555 et
2804 3510 3064 3555 annun-

707 3592 908 3654 ciavit
953 3589 1033 3655 de
1103 3589 1272 3654 reali
1339 3596 1651 3674 conceptu
1721 3590 1949 3673 Verbi,
2019 3591 2263 3657 dixisse
2298 3591 2345 3657 ¹:
2400 3614 2435 3655 «
2468 3591 2749 3677 Spiritus
2794 3599 3061 3659 sanctus
3110 3611 3163 3657 30

707 3694 1124 3776 superveniet
1169 3695 1237 3755 in
1269 3697 1355 3775 te,
1389 3697 1454 3756 et
1484 3692 1717 3757 Virtus
1760 3692 2079 3757 Altissimi
2134 3694 2549 3760 obumbrabit
2588 3696 2727 3759 tibi.
2776 3695 3057 3781 Ideoque

706 3792 873 3876 quod
919 3798 1230 3857 nascetur
1275 3814 1362 3859 ex
1407 3800 1472 3859 te
1520 3793 1829 3860 Sanctum
1875 3796 2223 3861 vocabitur
2266 3795 2475 3861 Filius
2519 3797 2637 3861 Dei
2669 3819 2729 3863 ».
2776 3797 2885 3861 Ex
2928 3818 3055 3882 quo

705 3900 884 3978 patet
930 3896 1098 3978 quod
1143 3895 1438 3980 Angelus
1497 3898 1827 3963 Virtutem
1888 3897 2209 3961 Altissimi
2268 3900 2531 3964 vocavit
2576 3900 2872 3965 Verbum
2918 3901 3057 3983 Dei,

706 3996 873 4082 quod
918 3996 1342 4063 ineffabiliter
1386 4002 1454 4063 in
1511 4000 1861 4083 Virginem
1920 4004 2317 4085 supervenit,
2380 4006 2446 4065 et
2492 4020 2579 4065 ex
2624 4021 2705 4065 ea
2750 4005 3051 4068 incarna-

705 4105 840 4163 tum
888 4105 1005 4183 est,
1055 4100 1180 4165 hoc
1226 4106 1343 4184 est,
1393 4104 1463 4165 in
1509 4122 1590 4166 ea
1637 4108 1703 4167 et
1748 4121 1837 4167 ex
1867 4122 1947 4166 ea
1988 4109 2370 4187 conceptum
2408 4108 2523 4167 est.
2558 4104 2807 4169 Iterum
2850 4105 2933 4169 de
2980 4126 3058 4171 eo
3110 4120 3162 4165 35

706 4202 948 4267 Paulus
995 4205 1090 4267 ait
1115 4202 1173 4266 2:
1230 4223 1267 4266 ‹<
1313 4202 1438 4275 Qui
1483 4202 1698 4268 forma
1730 4205 1850 4267 Dei
1895 4208 2012 4280 est,
2054 4203 2237 4268 Iesus
2272 4203 2592 4288 Christu8‚
2640 4209 3059 4291 semetipsum

707 4308 1078 4370 exinanivit
1123 4312 1188 4369 et
1243 4304 1524 4370 formam
1570 4309 1749 4369 servi
1796 4310 2046 4390 accepit
2092 4327 2153 4369 ».
2202 4305 2430 4371 Posuit
2473 4307 2635 4372 illud
2685 4329 2722 4371 «
2756 4311 3059 4393 semetip-

797 4527 816 4559 ¹
855 4528 1011 4592 Lim„
1035 4542 1074 4591 1,
1101 4528 1188 4583 35.
1213 4556 1285 4568 -—
1309 4526 1332 4558 ²
1357 4526 1642 4597 Philipp„
1663 4542 1723 4594 11,
1750 4528 1863 4583 6-7.
