3400 5642
1339 531 1743 617 443⁷)oe-

668 780 1067 846 SENTENTIA
1109 781 1368 847 PRIMA:
1418 780 1788 846 ADVERSUS
1831 781 2414 846 PHANTASIASTAS.

452 975 523 1040 Si
568 997 727 1042 caro
772 976 983 1042 Verbi
1026 995 1161 1042 non
1206 982 1306 1042 est
1350 996 1438 1042 ex
1482 977 1783 1060 Virgine,
1831 978 1997 1041 sicut
2049 976 2530 1042 phantasiastis
2581 977 2720 1063 pla-
2765 1021 2778 1030 ·

364 1082 499 1145 cuit
546 1079 787 1162 dicere,
836 1098 958 1164 per
1000 1084 1280 1144 naturae
1328 1098 1485 1145 suae
1531 1081 1956 1143 mutationem
2003 1081 2303 1163 apparuit
2349 1081 2459 1164 qui
2489 1086 2588 1145 est
2618 1082 2720 1144 in-

361 1180 679 1256 visibilis;
730 1201 887 1246 nam
932 1185 1171 1245 natura
1216 1180 1443 1262 Verbi,
1490 1185 1711 1264 utpote
1757 1199 1842 1244 ex
1887 1179 2108 1262 Patre,
2161 1183 2430 1264 spiritus
2481 1187 2601 1263 est,
2651 1186 2716 1245 et

278 1301 311 1346 5
365 1282 739 1365 invisibilis,
788 1287 855 1347 et
900 1281 1245 1358 intactilis;
1296 1301 1441 1347 cum
1474 1285 1691 1346 autem
1721 1283 2211 1366 incorporatum
2238 1280 2442 1346 fuerit
2470 1285 2542 1346 in
2563 1283 2719 1347 Vir-

366 1385 523 1468 gine
572 1389 638 1448 et
682 1388 931 1466 natum,
955 1383 1216 1448 visibile
1261 1382 1507 1448 factum
1550 1388 1647 1448 est
1678 1385 1749 1447 in
1779 1382 2020 1448 mundo
2051 1389 2136 1466 et,
2169 1390 2241 1449 ut
2271 1386 2716 1470 compositum,

362 1486 699 1572 palpatum
746 1492 845 1551 est
892 1492 959 1550 et
1004 1485 1502 1571 apprehensum,
1535 1485 2020 1570 ambulavitque
2051 1484 2132 1550 de
2163 1505 2296 1550 una
2327 1488 2600 1570 regione
2633 1484 2719 1551 ad

363 1590 741 1674 proximam
786 1593 851 1652 et
898 1587 977 1652 de
1023 1587 1167 1653 1000
1214 1586 1298 1652 ad
1330 1587 1549 1652 alium.
1582 1586 1748 1652 Cum
1777 1593 1996 1652 autem
2027 1587 2112 1652 ab
2139 1588 2422 1652 invicem
2454 1587 2719 1652 diversa

364 1695 517 1754 sunt
564 1689 689 1756 hoc
740 1710 779 1753 ‹
812 1688 1143 1754 invisibile
1175 1710 1212 1753 >
1262 1694 1328 1753 et
1372 1688 1535 1754 illud
1584 1709 1621 1754 ‹
1654 1691 1956 1772 apparuit
1987 1709 2048 1772 ›,
2089 1688 2214 1754 hoc
2263 1709 2300 1754 ‹
2331 1691 2720 1773 incomposi-

257 1812 317 1858 10
370 1797 511 1858 tum
557 1813 595 1857 »
644 1797 711 1857 et
756 1791 919 1856 illud
960 1789 1038 1856 ‘az
1088 1793 1575 1876 incorporatum
1622 1812 1685 1874 »,
1733 1791 1858 1857 hoc
1912 1816 1946 1850 α
1993 1789 2318 1856 infinitum
2357 1812 2394 1856 »
2445 1797 2511 1856 et
2557 1789 2720 1855 illud
2771 1815 2829 1870 p.
2861 1799 2952 1856 42.

370 1914 409 1960 ‹
442 1894 820 1959 conclusum
854 1914 913 1976 2»,
940 1893 1065 1960 hoc
1098 1914 1137 1957 ‹
1162 1894 1429 1978 spiritus
1459 1898 1559 1958 est
1581 1914 1618 1959 ›
1654 1899 1721 1958 et
1749 1891 1913 1957 illud
1944 1912 1983 1955 ‹
2008 1895 2311 1977 apparuit
2333 1896 2404 1957 in
2427 1911 2628 1958 carne
2654 1913 2716 1976 »,

370 1995 673 2060 omnibus
707 2001 887 2080 patet
916 1994 1082 2061 11300
1116 1994 1200 2060 ad
1231 2014 1432 2060 unam
1460 2001 1768 2060 naturam
1797 1994 2194 2060 naturaliter
2223 1998 2553 2079 pertinere
2585 2014 2718 2060 non

365 2117 574 2182 posse.
623 2098 851 2182 Itaque
898 2100 959 2162 si
1003 2117 1187 2162 mens
1232 2102 1299 2162 et
1342 2103 1555 2163 tactus
1598 2101 1665 2160 et
1710 2099 1892 2164 visus
1936 2095 2021 2162 ad
2063 2103 2370 2162 naturam
2426 2097 2720 2162 divinam

366 2220 501 2265 non
546 2203 896 2286 pertinent,
959 2204 1027 2263 et
1085 2205 1307 2264 tamen
1365 2201 1794 2263 inveniuntur
1852 2201 1922 2262 in
1968 2218 2048 2263 eo
2094 2200 2204 2282 qui
2248 2218 2318 2263 se
2373 2197 2717 2282 revelavit,

258 2323 315 2370 15
370 2307 483 2368 aut
529 2322 651 2388 per
693 2303 1120 2366 mutationem
1166 2301 1331 2366 haec
1376 2300 1625 2383 habuit,
1674 2305 1899 2366 autea
1930 2320 2016 2364 ex
2038 2300 2319 2384 Virgine
2353 2303 2717 2386 assumpsit,

366 2409 481 2469 aut
529 2402 942 2487 phantastice
1006 2405 1327 2488 apparuit.
1390 2401 1575 2476 Quod
1619 2405 1677 2466 si
1722 2408 1911 2487 turpe
1957 2405 2042 2466 sit
2085 2405 2412 2466 utrumvis
2461 2401 2716 2468 dicere:

367 2508 509 2570 sive
558 2505 765 2570 Deum
810 2510 1129 2570 mutatum
1174 2525 1337 2587 esse,
1384 2507 1525 2569 sive
1571 2506 1642 2568 in
1688 2506 2074 2588 apparentia
2119 2507 2332 2568 visum
2383 2524 2547 2588 esse,
2595 2506 2720 2570 hoc

370 2606 552 2673 aliud
600 2605 1058 2673 affirmandum
1105 2613 1222 2690 est,
1268 2607 1519 2672 scilicet
1564 2606 1748 2671 illum
1795 2609 1904 2691 qui
1949 2612 2045 2672 est
2089 2607 2440 2672 invisibilis
2491 2628 2720 2673 secun-

366 2709 523 2774 dum
571 2715 899 2792 naturam,
949 2711 1327 2793 apparuisse
1372 2711 1443 2772 in
1488 2728 1762 2793 corpore
1809 2708 2073 2791 visibili,
2122 2708 2188 2772 id
2234 2714 2352 2792 est,
2385 2711 2455 2772 in
2493 2717 2722 2775 nostro

256 2836 317 2883 m
368 2810 541 2896 quod
586 2831 676 2875 ex
718 2811 999 2895 Virgine
1045 2810 1293 2875 hahuit.
1341 2811 1619 2893 Etenim,
1644 2810 1854 2875 noluit
1899 2830 2074 2876 nunc
2119 2815 2460 2876 creaturas
2505 2831 2593 2876 ex
2619 2814 2722 2876 ni-

366 2913 527 2996 hile,
576 2917 743 2978 sicut
789 2914 965 2996 olim,
1013 2911 1315 2996 condere,
1364 2912 1478 2977 sed
1523 2912 1768 2996 placuit
1820 2915 1884 2976 ei
1929 2932 2014 2976 ex
2061 2915 2158 2977 eis
2209 2933 2476 2978 causam
2530 2933 2723 2979 reno-

366 3018 656 3082 vationis
702 3034 931 3081 earum
978 3035 1257 3098 sumere,
1303 3035 1457 3080 nam
1504 3034 1636 3079 non
1682 3017 1866 3078 venit
1897 3035 2011 3080 eas
2047 3020 2118 3079 ut
2149 3015 2455 3100 perderet
2506 3015 2621 3082 sed
2650 3023 2723 3082 ut

368 3129 744 3189 renovaret.

458 3227 631 3290 Deus
662 3228 839 3290 enim
869 3227 1272 3309 paenitentia
1302 3244 1434 3290 non
1466 3230 1677 3290 motus
1709 3229 1829 3308 est,
1853 3244 1978 3290 1100
2009 3229 2288 3310 primam
2320 3247 2504 3292 suam
2537 3247 2724 3292 crea-

258 3339 317 3386 115
368 3332 618 3395 tionem
664 3328 953 3413 culpavit
1000 3333 1112 3392 aut
1160 3329 1421 3404 reiecit3
1478 3329 1880 3411 paenitentia
1927 3329 2104 3390 enim
2149 3331 2220 3392 in
2265 3331 2348 3392 iis
2394 3348 2558 3412 quae
2604 3329 2725 3394 Dei

368 3437 521 3498 sunt
566 3431 783 3496 locum
829 3448 963 3494 11011
1008 3428 1223 3494 habet.
1257 3428 1668 3514 Quapropter
1696 3431 2152 3512 incorporatus
2197 3435 2296 3493 est
2327 3435 2391 3495 et
2423 3429 2725 3494 inhuma-

366 3539 567 3600 natus
610 3553 698 3598 ex
745 3536 1054 3599 creatura
1100 3552 1238 3615 sua,
1285 3531 1353 3596 id
1399 3536 1517 3613 est,
1558 3550 1644 3597 ex
1674 3535 1915 3595 natura
1968 3530 2276 3615 humana,
2308 3537 2380 3596 ut
2410 3531 2526 3596 illa
2557 3552 2721 3617 quae

370 3639 441 3700 in
490 3635 693 3699 alium
742 3632 1040 3698 ordinem
1100 3638 1650 3717 perverteramus‚
1714 3631 1926 3696 denuo
1971 3634 2042 3695 in
2088 3653 2158 3697 se
2205 3638 2481 3698 crearet.
2539 3632 2724 3705 Quod

368 3740 427 3802 si
472 3735 875 3821 Eutychiani
920 3735 1257 3800 nobiscum
1311 3732 1704 3799 confitentur
1755 3733 2059 3818 quidquid
2110 3734 2376 3818 factum,
2424 3740 2489 3799 et
2535 3755 2725 3820 prae-

262 3852 319 3898 30
370 3843 603 3908 sertim
632 3844 941 3904 naturam
973 3837 1347 3920 humanam,
1382 3837 1499 3902 Dei
1529 3856 1688 3921 opus
1719 3855 1882 3918 esse,
1915 3855 1998 3900 ne
2031 3835 2252 3902 dicant
2281 3843 2522 3921 tamen,
2556 3838 2725 3923 quod

368 3961 412 4008 a
458 3940 619 4006 solis
665 3938 1073 4004 Manichaeis
1119 3938 1251 4004 dici
1296 3957 1657 4022 congruum
1704 3942 1822 4030 est,
1871 3957 2106 4022 corpus
2151 3939 2272 4003 Dei
2298 3958 2432 4004 11011
2464 3959 2727 4004 esse-ex

368 4042 581 4124 nobis,
628 4062 715 4106 ne
762 4038 1002 4106 exinde
1050 4043 1271 4104 omnia
1317 4059 1481 4123 quae
1527 4039 1598 4103 hi
1643 4044 1888 4122 tenent,
1923 4044 1988 4104 et
2027 4042 2152 4126 ipsi
2197 4044 2443 4106 sentire
2498 4047 2728 4126 puten-

367 4150 499 4227 tur,
548 4146 690 4208 sive
738 4142 818 4207 de
882 4145 1121 4207 ceteris
1182 4144 1507 4206 creaturis
1552 4143 1691 4205 sive
1739 4139 1820 4205 de
1865 4146 2106 4206 natura
2159 4142 2466 4207 humana.
2517 4142 2729 4226 Igitur

370 4251 485 4312 aut
533 4243 975 4311 confiteantur
1018 4244 1356 4308 nobiscum
1408 4248 1713 4307 naturam
1767 4249 2061 4308 nostram
2109 4247 2179 4306 in
2225 4263 2342 4308 sua
2389 4248 2725 4310 creatione

264 4361 321 4416 85
372 4350 618 4414 bonam
656 4368 819 4428 esse,
854 4352 919 4412 et
950 4347 1077 4412 hac
1107 4346 1187 4410 de
1219 4365 1417 4410 causa
1448 4345 1794 4411 Factorem
1825 4348 1966 4410 eius
1996 4345 2495 4412 inhumanatum
2524 4346 2726 4413 fuisse

371 4471 459 4517 ex,
507 4469 622 4527 ea3
673 4454 806 4532 aut,
868 4451 925 4512 si
979 4450 1359 4512 existimant
1419 4466 1566 4511 eum
1625 4467 1760 4512 non
1820 4450 2308 4532 incorporatum
2369 4469 2455 4514 ex
2515 4449 2726 4534 1101118,

372 4557 601 4638 aperte
649 4551 872 4617 dicant
916 4554 1226 4614 naturam
1270 4549 1626 4613 humanam
1671 4568 1758 4630 ex
1804 4549 1978 4614 malo
2024 4553 2344 4634 principio
2391 4571 2554 4635 esse,
2605 4555 2733 4617 sic—
