3400 5642
521 3028 576 3084 p.
609 3013 701 3069 63.

1729 515 1843 602 a<
1889 513 1976 580 52
2019 519 2134 602 ›2—

762 657 1043 742 Virgine
1075 677 1345 742 eamque
1370 660 1736 743 assumpsit,
1761 657 1875 724 sed
1897 660 2034 744 ipse
2059 659 2513 744 incorporatus
2535 663 2636 724 est
2667 680 2754 725 ex
2787 680 2868 725 ea
2895 663 3116 726 statim

762 779 843 824 ac
888 763 953 824 ei
996 760 1430 825 obumbravit.
1479 759 1604 826 Ubi
1648 779 1812 826 vero
1857 759 2042 843 alios,
2075 761 2244 825 sicut
2287 759 2638 826 Ieremiam
2683 761 2797 827 vel
2829 762 3114 846 aliquem

764 881 850 927 ex
895 863 1247 948 prophetis,
1296 882 1628 928 assumere
1688 861 1917 946 voluit,
1971 865 2108 948 ipse
2169 861 2416 928 factum
2475 883 2618 929 esse
2667 883 2804 929 non
2851 863 3111 930 dicitur.

762 963 1022 1029 Etenim
1066 983 1201 1030 non
1245 964 1653 1050 congruebat
1694 969 1786 1047 ut,
1821 984 1969 1030 cum
2014 964 2183 1030 alius
2227 963 2430 1030 fuerit
2475 967 2585 1050 qui
2637 973 3112 1050 assumeretur,

766 1086 803 1131 ⁴(
828 1064 975 1130 fieri
1000 1087 1037 1130 ›
1072 1065 1404 1132 diceretur
1448 1065 1528 1131 de
1558 1066 1673 1132 illo
1706 1069 1814 1151 qui
1837 1087 1986 1132 eum
2009 1069 2386 1151 assumpsit3
2421 1067 2555 1151 sed,
2581 1073 2653 1132 ut
2675 1088 2832 1133 mox
2867 1067 3112 1134 dictum
3181 1093 3204 1136 5

762 1174 880 1251 est,
927 1170 1137 1255 ipsum
1181 1169 1493 1252 Verbum,
1542 1170 1693 1252 quia
1723 1167 1968 1234 factum
1999 1173 2117 1252 est,
2151 1189 2418 1234 carnem
2449 1173 2832 1255 assumpsit3
2867 1176 2935 1235 et
2963 1171 3112 1254 quia

758 1286 895 1336 non
940 1276 1257 1335 mutatum
1303 1275 1402 1335 est
1446 1291 1593 1336 cum
1638 1268 1885 1335 factum
1930 1275 2047 1354 est,
2095 1273 2306 1355 ipsum
2350 1271 2645 1337 creditur
2687 1273 2860 1336 Deus
2913 1273 3113 1337 etiam

760 1373 831 1435 in
876 1378 1187 1456 quantum
1232 1371 1478 1437 factum
1538 1377 1657 1456 est,
1705 1377 1772 1437 et
1831 1391 1990 1438 caro
2049 1374 2248 1437 etiam
2295 1375 2365 1437 in
2412 1377 2721 1459 quantum
2772 1377 2891 1439 est.
2943 1373 3110 1447 Quia

760 1479 903 1558 post
948 1477 1563 1558 incorporationem,
1610 1493 1734 1540 nec
1783 1495 1819 1538 «
1853 1493 1994 1539 esse
2027 1496 2064 1539 ›
2116 1478 2258 1540 eius
2319 1475 2562 1560 absque
2619 1479 2762 1540 eius
2817 1497 2855 1540 ‹
2889 1475 3040 1541 fieri
3069 1493 3106 1540 >

761 1575 1180 1641 considerare
1242 1576 1413 1660 licet,
1460 1597 1583 1642 nec
1644 1579 1786 1642 eius
1835 1598 1871 1641 ‹
1903 1575 2051 1643 fieri
2081 1598 2118 1641 ›
2169 1579 2408 1662 absque
2468 1599 2504 1642 ‹
2529 1597 2671 1642 esse
2699 1593 2740 1644 »
2807 1581 2954 1643 eius
3001 1597 3104 1643 co·
3156 1601 3198 1646 10

763 1682 997 1764 gitare.

1412 1873 1790 1948 Quarum:
1839 1873 2229 1939 SENTENTIA
2274 1893 2453 1940 ALIA.

844 2085 1071 2152 Omnis
1117 2107 1226 2152 res
1272 2107 1435 2171 quae
1482 2085 1566 2151 ad
1612 2089 2066 2152 exsistentiam
2109 2091 2294 2152 venit
2329 2087 2438 2153 vel
2483 2109 2569 2152 ex
2611 2087 2822 2154 nihilo
2871 2087 2965 2172 fit,
2998 2087 3100 2154 vel
3173 2125 3178 2132 -

758 2205 844 2254 ex
888 2190 1106 2275 aliquo
1151 2209 1271 2273 per
1313 2191 1741 2253 mutationem
1786 2191 2218 2255 constituitur.
2267 2189 2390 2256 Hic
2424 2210 2608 2273 vero,
2641 2191 2754 2255 ubi
2784 2192 2959 2256 Deus
2993 2210 3108 2256 vo·

756 2293 879 2356 luit
925 2291 1119 2357 homo
1164 2289 1330 2373 fieri,
1377 2295 1682 2355 neutrum
1729 2290 1965 2356 horum
2010 2297 2108 2356 est
2153 2291 2605 2376 cogitandum:
2655 2293 2904 2358 scilicet
2961 2313 3103 2357 eum
3156 2304 3201 2350 15

758 2417 904 2464 cum
948 2418 1083 2464 non
1128 2400 1477 2462 exsisteret
1522 2396 1768 2462 factum
1814 2417 1976 2480 esse,
2011 2403 2122 2463 aut
2170 2419 2318 2463 eum
2363 2419 2484 2484 per
2511 2402 2943 2464 mutationem
2972 2399 3106 2464 for-

756 2505 1003 2565 'matum
1047 2519 1225 2576 esse;
1288 2499 1455 2564 bene
1516 2519 1676 2564 vero
1739 2519 1888 2564 eum
1948 2519 2096 2564 cum
2149 2505 2320 2564 esset
2379 2506 2648 2586 propter
2707 2520 2828 2566 nos
2875 2506 2943 2566 et
2989 2521 3104 2586 pro

754 2602 943 2668 nohis
988 2600 1233 2667 factum
1279 2621 1439 2666 esse.
1489 2599 1576 2665 At
1620 2621 1782 2666 vero
1828 2621 1961 2666 non
2021 2606 2306 2666 mutatus
2367 2608 2465 2667 est
2509 2620 2658 2668 cum
2716 2601 2931 2668 factus
2990 2608 3102 2686 est,
3181 2611 3188 2617 “

756 2706 906 2790 quia
952 2725 1037 2770 ex
1082 2705 1271 2769 nobis
1317 2709 1382 2768 et
1426 2709 1693 2788 propter
1736 2723 1858 2768 nos
1911 2723 2145 2788 corpus
2199 2705 2325 2768 sibi
2377 2708 2648 2789 aptavit,
2706 2725 2837 2770 non
2886 2710 3106 2770 autem

754 2811 827 2871 ut
872 2802 1307 2872 deficientiam
1362 2805 1646 2890 aliquam
1705 2805 1832 2872 hoc
1892 2806 2082 2871 modo
2144 2807 2516 2891 compleret.
2579 2807 2839 2872 Etenim
2897 2809 3105 2872 omnis
3151 2815 3201 2861 2⁰

755 2914 1081 2991 creatura,
1130 2912 1297 2972 sicut
1341 2911 1475 2972 iam
1520 2907 1764 2973 dictum
1810 2915 1926 2991 est,
1980 2906 2054 2972 fit
2098 2906 2252 2972 dum
2297 2927 2430 2973 non
2476 2913 2761 2986 exsistit;
2823 2915 2890 2974 et
2938 2915 3107 2996 post-

755 3029 945 3093 quam
977 3008 1153 3074 facta
1186 3015 1302 3092 est,
1326 3009 1496 3074 *11011
1541 3009 1825 3074 habetur
1868 3017 1940 3075 ut
1968 3029 2102 3074 non
2133 3013 2474 3093 exsistenS,
2509 3014 2660 3095 quia
2693 3013 2944 3076 amittit
2976 3031 3107 3076 non

756 3113 1207 3175 exsistentiam
1254 3130 1331 3176 eo
1377 3111 1545 3195 quod
1574 3110 1664 3195 fit,
1698 3118 1764 3176 et
1795 3110 2190 3196 impossibile
2223 3116 2322 3176 est
2353 3111 2432 3176 de
2465 3111 2694 3177 eodem
2731 3111 3110 3196 praedicari
3181 3125 3190 3130 ·

754 3211 919 3278 11360
965 3211 1092 3276 duo
1143 3232 1179 3275 ‹
1213 3232 1353 3276 esse
1388 3233 1423 3276 »
1475 3218 1539 3277 et
1588 3233 1624 3276 ‹
1657 3233 1791 3278 non
1838 3233 1980 3278 esse
2013 3233 2086 3290 »ς
2137 3212 2250 3278 sed
2301 3234 2337 3277 «
2383 3232 2517 3279 11011
2564 3234 2706 3278 esse
2758 3234 2795 3277 ›
2847 3219 3108 3279 creatu-

755 3335 871 3380 rae
918 3320 1265 3399 antequam
1324 3313 1439 3378 fiat
1483 3318 1809 3398 convenit,
1857 3321 1923 3380 et
1993 3341 2026 3374 (
2073 3335 2214 3380 esse
2265 3337 2300 3379 »
2365 3321 2701 3400 postquam
2745 3313 2925 3381 facta
2983 3321 3099 3381 est.
3148 3325 3197 3369 25

753 3417 878 3484 Ubi
923 3423 1141 3483 autem
1185 3416 1363 3481 facta
1409 3422 1506 3482 est
1550 3437 1684 3482 non
1731 3419 2148 3483 existimatur
2191 3438 2323 3482 non
2356 3421 2695 3502 exsistere,
2731 3421 2921 3502 sicut,
2958 3417 3111 3484 dum

752 3540 884 3586 non
930 3522 1205 3602 exsistit,
1253 3518 1429 3584 facta
1477 3540 1617 3584 esse
1662 3540 1798 3584 non
1844 3524 2204 3605 cogitatum
2237 3519 2371 3604 sed,
2405 3525 2753 3605 antequam
2792 3525 3108 3587 creatura

752 3621 885 3706 fiat,
934 3643 1136 3705 mens,
1183 3626 1256 3685 ut
1302 3621 1460 3704 dixi,
1508 3623 1633 3686 sibi
1678 3620 1870 3706 fingit
1915 3643 2060 3688 eam
2093 3623 2301 3687 solum
2351 3644 2387 3687 «
2419 3643 2553 3687 11011
2585 3643 2726 3688 esse
2759 3643 2796 3686 ›
2833 3623 3105 3706 habere,

752 3729 819 3790 et
864 3730 1199 3810 postquam
1244 3721 1422 3788 facta
1468 3729 1566 3788 est
1612 3745 1761 3789 eam
1810 3746 1846 3788 ‹<
1881 3746 2021 3790 esse
2054 3746 2091 3789 ›
2140 3725 2407 3809 habere,
2457 3731 2522 3790 et
2559 3726 2984 3810 cognoscitur
3045 3723 3110 3790 id

753 3824 921 3911 quod
964 3823 1142 3889 facta
1189 3829 1303 3888 est.
1346 3823 1749 3908 Impossibile
1781 3829 1956 3890 enim
1986 3831 2083 3891 est
2113 3825 2280 3890 haec
2312 3826 2438 3891 duo
2473 3847 2510 3890 «
2543 3846 2684 3890 esse
2721 3847 2756 3889 »
2795 3831 2861 3890 et
2900 3847 2938 3890 ‹
2971 3846 3107 3891 non
3151 3835 3203 3880 ²³⁰

753 3947 893 3992 esse
928 3947 963 3990 »
1016 3925 1094 3990 de
1142 3945 1221 3990 ea
1268 3925 1397 3990 dici
1457 3933 1796 4010 postquam
1841 3928 2042 3992 semel
2088 3931 2315 4012 agnita
2370 3932 2468 3993 est
2515 3927 2597 3992 ad
2651 3929 3110 3992 exsistentiam

751 4032 1029 4112 venisse,
1078 4031 1229 4113 quia
1274 4047 1407 4092 non
1438 4029 1722 4112 possidet
1756 4049 1792 4094 «
1825 4050 1966 4095 esse
2000 4052 2035 4094 »
2074 4035 2420 4114 antequam
2459 4050 2495 4094 «
2526 4049 2660 4096 11011
2691 4049 2832 4094 esse
2866 4050 2903 4093 ›
2945 4033 3106 4094 ami-

750 4133 929 4214 serit,
978 4150 1100 4194 nec
1147 4132 1351 4213 potuit
1398 4129 1677 4193 alterum
1709 4131 1955 4195 habere
1988 4135 2336 4216 antequam
2367 4152 2554 4196 suum
2584 4133 2868 4215 primum
2905 4150 2942 4195 ‹<
2973 4149 3107 4196 non

750 4253 892 4299 esse
925 4253 961 4297 >›
1012 4232 1369 4315 reliquerit.
1420 4231 1501 4294 Et
1546 4239 1882 4316 postquam
1927 4232 2103 4298 facta
2149 4239 2246 4298 est
2293 4231 2558 4318 aliquid,
2599 4233 2725 4298 hoc
2771 4232 2942 4317 quod
2993 4254 3106 4298 an-

750 4339 858 4398 tea
901 4331 1071 4396 nihil
1116 4336 1261 4396 erat
1308 4331 1643 4396 redactum
1675 4339 1774 4397 est
1805 4333 1888 4397 ad
1920 4335 2060 4397 eius
2091 4336 2560 4398 exsistentiam.
2595 4333 2797 4416 Haec,
2832 4339 2904 4398 ut
2946 4333 3102 4416 dixi,
3153 4343 3212 4388 35

750 4438 821 4498 in
868 4435 1046 4498 omni
1090 4438 1417 4515 creatura,
1467 4435 1605 4497 sive
1668 4453 1755 4497 ex
1817 4433 2031 4519 aliquo
2092 4436 2232 4499 sive
2279 4455 2366 4500 ex
2415 4435 2626 4500 nihilo
2670 4434 2873 4520 facta,
2924 4439 3106 4501 inve—

750 4538 1039 4601 niuntur.
