3400 5642
259 1593 325 1637 10

259 2616 330 2657 ἢ)

260 3128 330 3171 ⁴25

268 3638 336 3681 30

1347 504 1749 593 «(25)»

375 676 726 723 numerum
771 652 1029 719 cadant.
1055 651 1138 715 Et
1183 670 1331 715 cum
1377 667 1893 731 unamquamque
1926 668 2269 732 personam
2326 648 2725 732 appellamus

377 761 602 839 Deum,
650 757 842 821 nobis
900 774 1034 819 non
1077 754 1230 818 licet
1277 759 1414 818 tres
1459 752 1624 817 Deos
1692 751 1929 817 dicere.
1980 752 2063 815 Et
2106 750 2173 816 id
2220 750 2475 835 quidem
2535 751 2725 816 nobis

379 868 607 927 notum
638 865 738 923 est
782 860 1048 922 Patrem
1094 857 1295 921 Deum
1343 874 1504 937 esse,
1538 857 1694 918 item
1718 860 1785 919 et
1814 854 2071 936 Filium,
2120 858 2183 917 et
2223 853 2533 938 Spiritum
2564 852 2727 920 San-

379 971 574 1045 ctum,
621 967 688 1027 et
733 980 866 1026 non
891 977 1032 1025 esse
1057 964 1194 1023 tres
1242 959 1428 1040 DeOS,
1477 960 1626 1041 quia
1672 976 2095 1039 unaquaeque
2142 976 2422 1040 persona
2468 976 2555 1021 ex
2586 958 2725 1039 ipsa

381 1067 668 1131 essentia
712 1069 832 1144 est,
881 1081 1044 1145 quae
1093 1065 1190 1125 est
1237 1063 1436 1124 etiam
1481 1058 1811 1123 divinitas.
1860 1059 2139 1141 Etenim,
2198 1061 2454 1123 ratione
2508 1078 2729 1122 essen-

379 1172 534 1250 tiae,
583 1166 788 1229 Filius
833 1163 900 1227 id
940 1168 1040 1227 est
1077 1161 1244 1245 quod
1274 1161 1478 1225 Pater
1507 1166 1636 1236 est;
1685 1164 1863 1242 item,
1896 1164 1967 1225 in
1990 1160 2395 1225 confessione
2426 1166 2727 1242 naturae,

380 1268 550 1355 quod
596 1268 804 1331 Filius
849 1268 1249 1349 agnoscitur,
1296 1264 1574 1349 idipsum
1619 1263 1983 1329 credendus
2028 1269 2126 1328 est
2156 1284 2297 1328 esse
2322 1261 2557 1327 *etiam
2588 1262 2729 1346 Spi-
2826 1304 2834 1314 ·

381 1376 548 1437 ritus
611 1370 902 1434 Sanctus.
953 1368 1134 1432 Unus
1199 1368 1368 1432 Deus
1431 1372 1600 1448 sunt,
1648 1369 1804 1449 quia.
1862 1371 2010 1431 sunt
2062 1385 2193 1429 una
2252 1371 2524 1441 natura;
2574 1385 2729 1431 nam

385 1494 624 1539 nomen
675 1472 794 1535 Dei
841 1470 924 1534 ad
969 1475 1274 1535 naturam
1320 1472 1603 1553 pertinet
1649 1475 1715 1532 et
1759 1473 1999 1533 natura
2044 1471 2243 1532 trium
2303 1488 2731 1553 personarum

387 1578 708 1641 essentiae
757 1594 889 1639 una
937 1579 1053 1637 est.
1103 1572 1380 1637 Nomina
1428 1575 1603 1636 enim
1650 1571 2151 1653 distinctionem,
2182 1570 2251 1635 id
2288 1578 2387 1636 est
2428 1574 2731 1635 notitiam

388 1696 838 1764 personarum,
886 1676 1074 1741 nobis
1127 1674 1438 1749 indicant,
1481 1694 1614 1739 non
1669 1680 1887 1739 autem
1920 1673 2271 1738 discrimen
2322 1679 2727 1738 naturarum.

387 1782 568 1845 Haec
601 1783 924 1845 sententia
969 1783 1066 1843 est
1113 1777 1260 1841 Arii
1305 1780 1432 1861 qui,
1483 1776 1727 1860 gradus
1774 1775 2140 1858 admittens,
2188 1781 2461 1841 naturas
2492 1780 2563 1840 in
2615 1780 2733 1841 tri-

388 1886 595 1947 nitate
629 1883 754 1947 sibi
797 1880 1007 1945 finxit.
1073 1880 1310 1944 Nostra
1373 1885 1589 1943 autem
1652 1898 1787 1943 non
1831 1881 1925 1941 ita
1972 1899 2039 1943 se
2090 1878 2317 1954 habet;
2382 1879 2497 1943 sed
2528 1898 2731 1963 agno-

385 1988 624 2049 scimus
671 2002 1186 2066 unamquamque
1233 2001 1577 2066 personam
1625 2000 1711 2044 ex
1755 1980 1983 2044 eadem
2045 1984 2327 2045 essentia
2390 2002 2551 2063 esse,
2600 2002 2733 2046 non

315 2120 327 2145 ›
388 2094 608 2151 tamen
664 2104 1178 2168 unamquamque
1226 2087 1366 2148 sine
1414 2086 1733 2167 principio
1794 2104 1968 2147 esse:
2020 2083 2144 2147 hoc
2190 2086 2363 2148 enim
2410 2087 2481 2147 in
2533 2085 2731 2149 Patre

389 2189 530 2253 solo
571 2191 925 2269 invenitur,
983 2208 1068 2251 ex
1115 2206 1240 2270 quo
1286 2186 1492 2250 Filius
1537 2191 1602 2250 et
1647 2185 1925 2269 Spiritus
1970 2192 2136 2249 sunt.
2186 2186 2467 2269 Uterque
2502 2186 2735 2251 horum

387 2293 556 2355 Deus
581 2295 698 2372 est,
727 2292 878 2373 quia
903 2294 1180 2373 uterque
1229 2309 1315 2352 ex
1361 2287 1590 2353 eodem
1635 2288 1803 2352 Ente
1850 2293 1967 2370 est,
2000 2288 2169 2371 quod
2192 2294 2291 2353 est
2320 2292 2517 2353 etiam
2543 2289 2731 2370 DeuS,

386 2396 574 2457 iuxta
627 2392 910 2457 verbum
957 2391 1128 2475 quod
1171 2391 1376 2454 Filius
1421 2390 1505 2455 ad
1533 2391 1801 2455 Patrem
1848 2389 2015 2455 dixit
2048 2387 2103 2453 ¹:
2142 2411 2178 2452 «
2211 2391 2307 2453 Tu
2338 2391 2513 2455 solus
2537 2410 2735 2457 verus

393 2496 562 2559 Deus
607 2516 697 2578 eS,
747 2500 812 2559 et
859 2514 1048 2577 quem
1095 2496 1328 2558 misisti
1373 2494 1584 2558 Iesum
1629 2492 1963 2557 Christum
1996 2515 2055 2559 ».

478 2596 602 2669 Qui
648 2600 856 2680 igitur
903 2603 1036 2661 tres
1082 2597 1248 2660 Deos
1309 2595 1482 2677 dicit,
1534 2594 1724 2660 debet
1770 2602 1834 2659 et
1894 2602 2030 2659 tres
2090 2601 2363 2659 naturas
2414 2594 2732 2661 confiteri.

391 2699 575 2772 Quod
621 2702 678 2763 si
727 2698 913 2763 decet
959 2718 1158 2761 unum
1206 2698 1408 2761 Deum
1455 2696 1771 2778 confiteri,
1807 2701 2002 2761 etiam
2038 2718 2313 2781 aequum
2337 2703 2433 2763 est
2464 2698 2735 2763 credere

390 2822 588 2867 unam
638 2806 955 2865 naturam
1002 2820 1162 2864 esse.
1217 2801 1295 2865 Et
1339 2803 1415 2882 si,
1463 2805 1534 2862 ut
1565 2803 1875 2884 scriptum
1908 2805 2005 2864 est
2030 2800 2073 2882 ²2,
2121 2800 2323 2865 Pater
2353 2821 2470 2884 per
2499 2801 2737 2865 Filium

395 2906 830 2987 cognoscitur,
881 2908 948 2966 et
995 2905 1150 2965 item
1197 2902 1402 2966 Filius
1448 2922 1564 2985 per
1607 2902 1875 2965 Patrem
1937 2902 2319 2985 ostenditur,
2368 2902 2519 2986 quid
2571 2923 2739 2967 unus

392 3026 620 3071 eorum
667 3003 1031 3069 credendus
1077 3009 1174 3069 est
1219 3006 1348 3067 nisi
1393 3003 1461 3066 id
1507 3003 1674 3087 quod
1720 3010 1785 3067 et
1832 3005 2003 3068 alter
2046 3010 2163 3087 est,
2224 3003 2291 3068 id
2350 3010 2447 3069 est
2508 3004 2737 3069 eadem

395 3114 654 3189 natura,
703 3110 890 3171 iuxta
939 3107 1305 3190 exemplum
1351 3110 1610 3171 animae
1658 3112 1723 3171 et
1770 3108 1957 3171 verbi
2004 3113 2068 3172 et
2114 3111 2369 3190 mentis,
2426 3115 2538 3172 aut
2584 3107 2739 3173 solis

395 3216 458 3275 et
505 3210 668 3274 lucis
713 3215 780 3273 et
825 3208 1017 3290 radii,
1068 3215 1181 3273 aut
1225 3211 1400 3291 ignis
1461 3214 1526 3273 et
1587 3209 1951 3292 splendoris
1998 3216 2062 3274 et
2115 3210 2397 3274 caloris?
2462 3212 2735 3293 Etenim,

395 3332 568 3376 cum-
592 3311 763 3395 apud
811 3309 1305 3394 unumquodque
1353 3312 1583 3374 horum
1632 3310 1700 3373 id
1746 3314 1829 3375 sit
1874 3311 2042 3394 quod
2088 3315 2503 3376 existimatur
2562 3316 2741 3395 prin—

393 3416 632 3497 cipium
679 3433 842 3495 esse,
893 3432 1056 3496 quae
1106 3432 1189 3476 ex
1237 3433 1316 3477 eo
1361 3418 1510 3477 sunt
1555 3433 1688 3477 non
1734 3418 2045 3495 putantur
2090 3413 2373 3477 secunda
2406 3420 2517 3477 aut
2543 3418 2739 3479 tertia

392 3514 746 3579 secundum
809 3520 1062 3597 tempus
1108 3521 1222 3578 aut
1266 3514 1673 3596 divisionem,
1724 3514 1836 3579 sed
1882 3535 1923 3578 a
1967 3520 2257 3598 tempore
2306 3536 2429 3599 quo
2482 3518 2738 3580 exsistit

394 3616 556 3680 illud
605 3616 772 3700 quod
821 3622 1162 3700 reputatur
1208 3619 1616 3700 principium,
1651 3622 1801 3680 sunt
1846 3620 2045 3681 etiam
2092 3637 2238 3681 cum
2284 3638 2363 3683 eo
2410 3624 2475 3682 et
2521 3638 2607 3682 ex
2660 3639 2739 3683 eo

395 3739 558 3803 quae
607 3719 690 3783 ab
738 3738 818 3783 eo
867 3722 1206 3783 exsistunt.
1242 3719 1345 3783 Ex
1377 3722 1598 3783 anima
1645 3725 1711 3783 et
1756 3740 1901 3784 cum
1948 3739 2027 3783 ea
2060 3727 2208 3783 sunt
2240 3721 2510 3785 verbum
2544 3728 2609 3785 et
2639 3724 2739 3785 in-

393 3821 724 3897 tellectus;
776 3842 862 3885 ex
909 3822 1044 3885 sole
1087 3828 1152 3887 et
1199 3842 1344 3886 cum
1391 3842 1470 3887 eo
1517 3827 1666 3885 sunt
1714 3822 1937 3887 radius
1982 3828 2047 3887 et
2077 3822 2193 3887 lux
2226 3827 2396 3899 eius3
2449 3844 2535 3888 ex
2587 3828 2740 3908 igne

396 3930 461 3988 et
507 3944 651 3988 cum
702 3944 780 3988 eo
831 3929 982 3987 sunt
1027 3924 1333 4007 splendor
1365 3930 1430 3988 et
1461 3924 1645 3989 calor
1683 3928 1841 3989 eius.
1876 3925 2011 3989 *Ita
2044 3946 2127 3990 ex
2158 3926 2355 3991 Patre
2388 3933 2453 3991 et
2484 3947 2629 3991 cum
2662 3948 2740 3992 eo

397 4031 548 4090 sunt
591 4026 800 4090 Filius
845 4031 910 4090 et
962 4025 1238 4110 Spiritus
1285 4029 1442 4091 eius.
1492 4026 1658 4091 Nam
1706 4030 1764 4092 si
1807 4028 2073 4091 Patrem
2120 4028 2587 4112 apprehendes,
2635 4029 2744 4092 Fi-

397 4128 556 4192 lium
601 4132 933 4204 invenies;
985 4134 1051 4193 et
1081 4131 1138 4193 si
1160 4128 1396 4193 Filium
1428 4129 1700 4211 tenebiS,
1728 4129 2037 4212 Spiritum
2061 4150 2433 4213 cognosces,
2466 4152 2544 4195 eo
2576 4131 2743 4215 quod

396 4234 831 4315 unusquisque
883 4252 1108 4295 eorum
1155 4252 1242 4297 ex
1289 4232 1517 4296 eadem
1563 4236 1803 4297 natura
1850 4237 1966 4313 est,
2001 4235 2237 4316 etipsa
2260 4240 2499 4297 natura
2538 4253 2743 4316 agno-

397 4336 604 4398 scitur
651 4334 838 4399 Deus.
890 4334 1034 4399 Una
1081 4341 1180 4399 est
1225 4340 1464 4399 natura
1495 4337 1565 4398 in
1597 4335 1807 4399 tribus
1836 4338 2163 4417 personis;
2214 4341 2279 4399 et
2302 4355 2581 4418 rursum,
2607 4341 2743 4400 tres

485 4554 504 4585 ¹
531 4554 756 4617 Ionan..
794 4568 937 4617 xvn.
977 4556 1026 4609 3.
1067 4584 1134 4593 -
1172 4554 1192 4584 ²
1217 4554 1296 4609 Cf.
1336 4556 1598 4623 Mum,
1622 4568 1707 4616 ιι,
1742 4557 1829 4607 27.

2798 3936 2851 3990 p.
2884 3918 2968 3973 26.
