3400 5642
1299 529 1703 615 4653*

325 675 431 738 ita
477 678 544 737 et
587 673 794 737 Filius
839 693 926 738 ex
969 673 1170 737 Patre
1219 673 1458 757 absque
1483 675 1790 758 'passione
1815 674 2024 737 exivit
2048 677 2114 736 et
2137 693 2283 737 cum
2316 692 2394 737 eo
2426 693 2682 757 semper

322 778 610 858 exsistit,
661 778 812 860 quia
859 794 945 840 ex
992 778 1271 841 essentia
1320 778 1461 841 eius
1509 778 1767 859 genitus
1806 780 1903 840 est
1948 774 2155 838 Filius
2200 777 2265 839 ei
2310 775 2559 858 similis,
2616 782 2682 840 et

319 878 412 941 ab
458 896 538 943 eo
584 880 791 941 exivit
853 877 1156 962 splendor
1223 881 1288 943 ei
1349 878 1656 961 aequalis.
1723 878 1912 941 Patri
1973 879 2145 941 enim
2208 897 2326 943 nec
2386 882 2677 962 tempore

321 998 490 1063 opus
533 977 676 1061 fuit,
723 998 843 1043 nec
887 979 1050 1061 loco,
1099 976 1429 1049 nec-fluxu
1451 979 1765 1061 seminis,
1792 998 1910 1043 nec
1935 978 2151 1063 aliquo
2185 978 2339 1061 ali0,
2370 984 2680 1063 tanquam

227 1099 259 1143 5
319 1080 654 1145 adiutorio
699 1080 812 1145 vel
855 1100 1054 1145 causa
1099 1081 1297 1146 huius
1343 1084 1812 1165 generationis3
1862 1080 1977 1145 sed
2020 1083 2159 1165 ipse
2192 1084 2571 1164 agnoscitur
2592 1101 2679 1145 ex

316 1186 540 1267 seipso
587 1186 889 1267 genuisse
936 1183 1176 1247 Filium
1221 1187 1289 1247 in
1335 1183 1632 1249 omnibus
1662 1186 1787 1268 ipsi
1812 1183 2110 1266 similem,
2137 1188 2203 1247 et
2226 1200 2453 1268 parem
2484 1189 2676 1267 atque

316 1284 666 1369 aequalem
715 1284 1066 1350 secundum
1091 1290 1458 1369 essentiam,
1491 1291 1557 1350 et
1581 1288 1914 1367 virtutem,
1947 1292 2014 1350 et
2036 1288 2405 1370 potentiam.
2441 1285 2670 1350 Omnia

313 1386 546 1451 Patris
589 1387 938 1469 naturalia,
1001 1390 1394 1471 paternitate
1455 1394 1753 1472 excepta,
1816 1386 2034 1453 habet.
2098 1386 2239 1451 Non
2301 1390 2474 1451 enim
2520 1388 2674 1453 licet

317 1509 405 1553 ea
453 1508 618 1573 quae
687 1490 808 1553 Dei
851 1495 998 1553 sunt
1043 1494 1115 1553 ut
1159 1488 1328 1554 falsa
1374 1489 1628 1572 haberi,
1675 1510 1756 1554 eo
1810 1488 1979 1573 quod
2030 1495 2290 1574 captum
2344 1488 2671 1575 *compre-
2726 1510 2787 1566 p.
2815 1496 2904 1553 81.

201 1605 260 1651 ιο
316 1590 658 1655 hensionis
703 1596 968 1656 nostrae
1015 1596 1358 1676 superant;
1423 1590 1538 1655 sed
1585 1592 1668 1656 ob
1714 1590 1885 1655 hanc
1945 1610 2211 1656 causam
2273 1595 2486 1676 potius
2530 1613 2673 1657 cre-

317 1692 537 1757 denda
583 1698 747 1757 sunt.
797 1693 964 1758 Nam
1009 1714 1135 1777 quo
1172 1696 1386 1758 maius
1431 1696 1849 1758 existimatur
1894 1692 1961 1757 id
1992 1693 2158 1777 quod
2185 1693 2269 1758 ad
2300 1694 2505 1759 Deum
2527 1716 2673 1780 per-

317 1797 491 1858 tinet
523 1799 587 1859 et
619 1798 999 1879 agnoscitur
1023 1814 1220 1880 supra
1250 1795 1525 1860 limitem
1549 1800 1614 1859 et
1639 1814 2032 1878 mensuram,
2060 1814 2139 1859 eo
2162 1798 2376 1880 magis
2399 1800 2672 1861 scientia

315 1896 402 1961 de
453 1896 586 1961 Deo
633 1896 825 1961 debet
869 1900 940 1961 in
985 1896 1174 1961 nobis
1204 1895 1459 1961 firmari
1483 1902 1548 1961 et
1573 1896 1873 1962 adoratio
1898 1899 2039 1961 eius
2062 1896 2233 1982 apud
2262 1917 2385 1963 nos
2417 1902 2667 1982 augeri.

313 1998 404 2061 Et
453 1997 606 2063 dum
653 2018 732 2063 ea
779 2018 944 2082 quae
993 1998 1078 2063 ad
1121 2004 1463 2063 creaturas
1523 2002 1872 2083 pertinent,
1923 1998 2229 2082 quamdiu
2271 2019 2407 2065 non
2468 2020 2673 2084 agno-

207 2118 262 2163 15
317 2104 617 2183 scuntur,
664 2106 736 2165 ut
779 2120 914 2165 non
961 2103 1346 2166 exsistentia
1379 2106 1786 2185 reputantur,
1835 2103 2221 2166 exsistentia
2246 2121 2473 2165 eorum
2504 2122 2668 2185 quae

315 2204 444 2268 Dei
503 2208 672 2286 sunt,
720 2205 862 2267 sive
908 2202 992 2268 ad
1039 2208 1346 2268 naturam
1407 2206 1550 2268 eius
1609 2208 1901 2288 spectent
1962 2206 2101 2269 sive
2148 2204 2472 2269 voluntati
2528 2208 2673 2269 eius

317 2308 741 2389 conveniant,
790 2325 938 2370 cum
983 2325 1115 2370 non
1161 2305 1819 2389 comprehenduntur,
1867 2308 1941 2370 in
1984 2306 2175 2371 nobis
2220 2309 2433 2390 magis
2479 2306 2671 2371 debet

313 2407 596 2472 firmari.
645 2406 830 2479 Quod
877 2410 934 2472 si
980 2408 1146 2473 haec
1207 2410 1547 2473 scientiam
1593 2428 1787 2491 quam
1834 2427 1922 2473 ex
1966 2413 2152 2492 parte
2198 2408 2515 2473 habemus
2576 2409 2671 2474 ef-

313 2509 604 2593 fugiant,
651 2529 954 2574 curemus
1000 2528 1079 2573 ea
1126 2529 1246 2593 per
1290 2512 1631 2575 scientiam
1664 2508 1819 2574 fidei
1863 2514 2109 2575 tenere.
2146 2510 2424 2593 Etenim,
2458 2511 2669 2595 quoad

201 2632 258 2677 πυ
315 2631 400 2677 63
451 2631 614 2695 quae
661 2612 957 2676 sensibus
1003 2618 1118 2677 aut
1162 2614 1418 2677 ratione
1450 2618 1952 2695 cognoscuntur,
1978 2610 2105 2677 fide
2134 2611 2325 2677 nobis
2354 2633 2515 2697 opus
2538 2633 2669 2678 non

315 2718 454 2789 est;
504 2732 658 2777 nam
698 2713 1137 2797 quodcumque
1184 2733 1302 2797 per
1341 2716 1684 2779 scientiam
1714 2713 2194 2798 apprehensum
2225 2719 2323 2779 est
2354 2719 2420 2779 et
2452 2720 2671 2779 reten-

313 2822 478 2898 tum,
525 2820 596 2879 ut
643 2819 924 2880 sciamus
969 2814 1036 2879 id
1083 2818 1402 2881 exsistere
1449 2813 1610 2880 fides
1655 2835 1790 2880 non
1836 2819 2210 2899 requiritur.

407 2917 508 2982 Ne
555 2917 810 2981 dubites
870 2936 1034 3001 ergo
1096 2920 1251 3001 quin
1311 2918 1481 2982 Deus
1540 2918 1737 2982 homo
1797 2917 2009 2983 factus
2056 2920 2158 3000 sit,
2208 2924 2273 2984 et
2333 2922 2669 3004 passiones

315 3025 634 3105 expertus
677 3022 781 3101 sit,
830 3024 895 3083 et
941 3024 1218 3085 mortem
1265 3022 1649 3103 gustaverit,
1699 3025 1812 3084 aut
1858 3019 2163 3104 quidquid
2209 3020 2509 3086 accidere
2556 3042 2672 3086 vo-

203 3144 260 3189 ‘25
313 3124 521 3187 luerit
565 3122 768 3198 Deus;
819 3142 900 3187 ea
946 3125 1122 3188 enim
1168 3121 1366 3188 debes
1412 3120 1685 3187 credere
1733 3128 2001 3207 propter
2045 3122 2208 3187 duas
2253 3126 2413 3189 istas
2465 3128 2670 3189 ratio-

313 3244 469 3289 nes:
520 3224 788 3307 scilicet,
815 3226 966 3307 quia
1011 3226 1083 3287 in
1127 3223 1346 3287 Libris
1391 3230 1772 3307 narrantur,
1820 3229 1885 3288 et
1932 3226 2083 3308 quia
2130 3223 2209 3289 de
2256 3225 2389 3289 Deo
2422 3228 2663 3310 scripta

316 3330 490 3391 sunt.
541 3324 683 3391 Sint
727 3326 850 3390 tibi
892 3329 964 3389 in
1010 3326 1382 3410 exemplum
1425 3323 1597 3409 fidei,
1647 3329 1848 3391 etiam
1894 3329 1951 3390 si
1994 3331 2161 3391 sunt
2198 3326 2537 3410 haeretici,
2569 3327 2667 3390 illi

313 3431 430 3513 qui
475 3448 516 3493 a
560 3432 625 3491 te
686 3427 1195 3511 redarguuntur.
1257 3427 1390 3493 Eos
1449 3427 1879 3512 reprehendis
1924 3432 1989 3493 et
2036 3427 2377 3492 audaciam
2438 3448 2667 3493 eorum

311 3530 556 3596 acerbe
603 3530 1016 3613 condemnas,
1065 3529 1232 3613 quod
1279 3549 1360 3595 ea
1407 3550 1572 3613 quae
1639 3530 2326 3614 incomprehensibilia
2372 3535 2523 3594 sunt
2567 3534 2670 3594 in-

203 3651 259 3697 so
311 3635 654 3716 vestigare
699 3632 1020 3698 studeant.
1069 3631 1220 3697 Noli
1265 3651 1428 3715 ergo
1473 3637 1563 3715 tu,
1611 3632 1745 3697 alio
1793 3632 1983 3697 modo
2030 3635 2099 3696 in
2146 3652 2409 3697 errores
2440 3652 2668 3697 eorum

310 3733 629 3818 incidere,
677 3738 894 3801 nitens
939 3755 1020 3800 ea
1065 3754 1230 3819 quae
1291 3734 1747 3799 inscrutabilia
1794 3739 1943 3799 sunt
1999 3737 2301 3817 scrutari,
2343 3740 2457 3799 aut
2502 3755 2667 3819 quae

312 3835 784 3921 comprehendi
827 3856 962 3901 non
1006 3840 1274 3919 possunt
1321 3838 1599 3919 assequi,
1647 3840 1762 3901 aut
1808 3856 1972 3919 quae
2018 3834 2179 3902 fides
2224 3842 2477 3902 tantum
2531 3856 2670 3903 am-

311 3938 515 4023 plecti
543 3942 752 4022 potest
783 3940 1059 4002 scientia
1089 3942 1351 4013 tenere;
1387 3941 1697 4021 quantum
1729 3936 1934 4002 lateat
1958 3956 2186 4003 eorum
2216 3958 2464 4021 sensuS,
2498 3938 2669 4002 Deus

311 4045 590 4123 tantum,
637 4038 852 4104 factor
897 4058 1145 4121 eorum,
1193 4042 1549 4123 cognoscit.
1599 4038 1948 4122 Manetem,
1983 4040 2406 4123 Marcionem,
2440 4047 2507 4105 et
2534 4041 2667 4105 Va-

205 4162 262 4209 35
314 4143 637 4208 lentinum
683 4142 970 4226 aliosque
1019 4141 1314 4226 culpasti,
1361 4146 1434 4205 ut
1479 4144 1732 4226 opinor,
1767 4142 1935 4225 quod
1966 4144 2288 4207 sentirent
2309 4143 2513 4207 Deum
2536 4162 2667 4208 non

311 4247 599 4330 potuisse
646 4249 988 4309 creaturas
1033 4263 1120 4308 ex
1148 4244 1358 4309 nihilo
1389 4244 1630 4326 facere,
1657 4248 1723 4309 et
1746 4243 2073 4328 fingerent
2105 4248 2452 4309 materiam
2476 4265 2666 4329 quam

310 4367 538 4413 coram
563 4366 642 4411 eo
665 4353 1039 4432 posuerunt,
1065 4350 1232 4411 sicut
1254 4346 1460 4411 lutum
1491 4366 1715 4412 coram
1739 4344 1941 4430 figulo
1964 4347 2067 4411 *et
2090 4346 2417 4432 beryllum
2442 4367 2663 4412 coram
2720 4368 2777 4425 p.
2810 4355 2901 4409 82.

311 4446 602 4513 aurifice.
653 4448 750 4511 Tu
796 4446 1226 4532 reprehendis
1271 4450 1471 4511 etiam
1517 4446 1751 4511 Arium
1798 4450 1924 4530 qui,
1974 4446 2375 4512 debilitatem
2408 4454 2667 4532 patrum

312 4550 486 4635 apud
529 4570 651 4616 nos
697 4548 1060 4633 attendenS,
1109 4569 1194 4613 ex
1242 4569 1322 4614 ea
1369 4567 1635 4615 causam
1688 4552 1959 4634 sumpsit
1988 4548 2069 4615 de
2101 4550 2436 4615 essentiali
2468 4570 2663 4634 gene·

527 4728 667 4771 sxa.
708 4748 770 4756 —
811 4730 865 4771 B.
910 4747 964 4756 -—
1009 4730 1199 4775 xxvn.
2416 4717 2451 4771 5
