3400 5642
394 2932 454 2988 p.
490 2917 609 2972 190.

1602 519 1716 604 4⁴(
1771 517 2061 604 142»-

660 680 781 744 pro
824 662 1002 743 vino,
1050 659 1219 743 quod
1264 663 1465 726 etiam
1512 663 1778 726 sicariis
1805 657 2236 726 morientibus
2267 657 2414 724 dari
2443 658 2714 740 solebat,
2763 663 3028 722 acetum

658 782 807 826 cum
851 761 1005 826 felle
1052 764 1331 826 mixtum
1378 765 1441 826 ei
1486 765 1947 846 porrexerunt.
1998 761 2203 826 Deum
2247 763 2320 824 in
2365 759 2688 824 auxilium
2731 761 3021 841 vocavit,

660 868 733 927 ut
778 868 1045 948 propter
1088 863 1213 928 hoc
1274 864 1509 929 saltem
1569 864 2068 939 erubescerent;
2132 862 2232 928 illi
2278 882 2460 945 vero,
2523 865 2740 946 capita
2785 882 2905 926 sua
2951 865 3025 926 in

660 985 813 1029 eum
858 963 1077 1030 derisu
1110 971 1477 1048 moverunt,
1526 971 1593 1030 et
1638 968 1704 1029 ei
1733 967 1920 1048 quasi
1965 983 2086 1048 per
2114 968 2552 1048 contemptum
2595 969 2668 1027 ut
2713 963 2792 1027 de
2825 982 3022 1028 cruce

661 1065 1085 1132 descenderet
1146 1067 1633 1134 clamaverunt:
1703 1087 1741 1130 ⁴<
1775 1066 2106 1132 Descende
2167 1065 2248 1130 de
2305 1085 2518 1147 cruce,
2567 1071 2632 1129 et
2679 1064 3024 1129 credemus
3113 1075 3146 1117 5

660 1171 782 1232 tihi
814 1189 887 1245 »;
936 1173 1034 1233 et:
1089 1190 1125 1232 <
1158 1168 1229 1234 Si
1274 1169 1441 1234 alios
1486 1169 1708 1235 salvos
1753 1169 1989 1252 fecisti,
2039 1168 2226 1234 salva
2271 1174 2336 1233 te
2382 1170 2592 1252 ipsum
2625 1169 2642 1210 ¹
2678 1190 2737 1250 »,
2785 1171 2880 1231 ita
2925 1173 3020 1250 ut,

661 1291 808 1336 cum
852 1290 987 1336 non
1018 1270 1429 1338 descenderit
1460 1275 1611 1355 quia
1642 1272 1770 1338 hoc
1806 1291 1942 1336 non
1988 1269 2316 1356 proderat,
2367 1275 2694 1353 negarent
2739 1269 2906 1334 alios
2937 1267 3024 1334 ab

662 1393 741 1438 eo
786 1371 1155 1438 vivificatos
1198 1372 1419 1438 fuisse.
1463 1373 1900 1458 Rogaverunt
1946 1379 2018 1438 ut
2047 1372 2218 1456 quod
2261 1392 2396 1438 non
2441 1371 2712 1437 decebat
2749 1371 3021 1454 faceret,

662 1477 756 1540 ita
800 1481 891 1558 ut,
940 1495 1089 1540 cum
1134 1495 1267 1541 non
1312 1476 1567 1559 fecerit,
1616 1479 1769 1559 quia
1815 1475 1940 1541 hoc
1983 1495 2120 1541 non
2149 1477 2574 1560 congruebat,
2607 1495 2690 1540 ea
2719 1494 2884 1559 quae
2916 1495 3024 1538 re-

662 1597 825 1642 vera
870 1577 1049 1642 facta
1094 1582 1263 1660 sunt,
1310 1584 1656 1662 negarent.
1707 1576 1826 1642 Ille
1874 1581 1943 1642 in
2003 1577 2188 1661 ligno
2228 1578 2484 1662 pendet,
2531 1576 2632 1641 illi
2675 1580 2780 1640 ira
2825 1595 3022 1642 exar-
3083 1585 3144 1629 10

660 1680 951 1762 descunt,
1015 1679 1125 1744 ille
1190 1683 1544 1762 cruciatur,
1606 1680 1706 1746 illi
1768 1680 1996 1746 furore
2063 1677 2576 1755 inflammantur,
2641 1678 2752 1742 ille
2815 1678 3024 1743 clavis

660 1779 1031 1866 configitur,
1067 1781 1165 1846 illi
1194 1782 1447 1848 invidia
1476 1783 1839 1848 tabescunt.
1889 1781 2036 1848 Non
2065 1781 2518 1847 misericordia
2541 1781 2657 1846 sed
2687 1780 2837 1846 odio
2868 1800 3025 1845 con-

662 1887 969 1966 citantur,
1018 1889 1083 1948 et
1129 1886 1492 1968 compassio
1538 1883 1674 1967 illa,
1725 1904 1852 1968 qua
1921 1885 2130 1949 omnis
2174 1884 2371 1949 homo
2415 1882 2588 1948 affici
2647 1883 2812 1948 solet
2857 1901 3023 1965 erga

661 2006 812 2050 eum
860 1989 967 2070 qui
1012 1989 1095 2050 in'
1144 1984 1607 2052 afflictionibus
1666 1991 1998 2069 versatur,
2059 1989 2132 2050 in
2177 1985 2632 2050 crudelitatem
2693 1983 2866 2068 apud
2911 2003 3026 2048 eos

663 2093 913 2153 mutata
958 2094 1075 2152 est.
1109 2088 1389 2171 Etenim,
1414 2108 1623 2172 neque
1656 2093 1996 2172 postquam
2042 2094 2338 2152 mortuus
2383 2093 2482 2152 est
2527 2107 2678 2152 eum
2715 2093 3021 2169 torquere
3083 2096 3139 2142 15

662 2196 1022 2273 cessarunt,
1071 2189 1186 2255 sed
1233 2210 1403 2256 unus
1464 2211 1551 2256 ex
1596 2190 1976 2257 custodibus
2027 2190 2202 2256 latus
2245 2193 2388 2255 eius
2432 2189 2666 2255 lancea
2711 2188 3018 2254 confodit.

662 2292 961 2376 Sepultus
1008 2298 1108 2356 est
1152 2313 1301 2358 cum
1346 2293 1726 2369 celeritate;
1793 2293 2124 2358 involutus
2169 2299 2270 2358 est
2323 2313 2409 2356 ex
2470 2292 2908 2376 eleemosyna,
2957 2297 3022 2354 et

663 2397 805 2478 ipsa
850 2394 1185 2478 sepultura
1230 2398 1373 2460 eius
1418 2415 1505 2460 ex
1551 2395 1972 2479 eleemosyna
2005 2415 2317 2461 concessa
2355 2400 2472 2459 est.
2519 2395 2738 2458 Donec
2784 2395 3024 2477 permi—

662 2499 826 2562 serit
884 2497 1103 2579 iudex,
1167 2517 1301 2562 non
1360 2497 1484 2562 fuit
1546 2500 1655 2582 qui
1703 2518 1900 2564 ausus
1961 2505 2060 2563 est
2105 2517 2341 2583 corpus
2393 2499 2536 2560 eius
2595 2495 2906 2580 sepelire;
2957 2500 3022 2558 et

664 2619 811 2663 cum
850 2602 1050 2662 etiam
1088 2599 1459 2682 sepulcrum
1500 2599 1611 2663 ubi
1634 2602 1883 2683 positus
1913 2605 2014 2664 est
2044 2604 2409 2664 mutuatum
2441 2603 2631 2681 esset,
2658 2597 2802 2682 plus
2825 2616 3021 2681 quam
3077 2608 3136 2654 ²0

664 2704 801 2785 ipse
848 2700 1111 2764 dixerat
1156 2700 1412 2783 accidit,
1460 2704 1610 2785 quia
1657 2721 1791 2766 non
1837 2701 2048 2766 solum
2093 2701 2568 2766 habitationem
2611 2719 2746 2764 non
2792 2699 3024 2764 habuit

665 2823 813 2868 cum
858 2804 1232 2868 hominibus
1278 2803 1391 2868 sed
1436 2823 1521 2868 ne
1569 2804 1940 2888 sepulcrum
1971 2804 2230 2887 quidem
2275 2823 2423 2868 cum
2471 2805 2761 2866 mortuis.

754 2905 947 2970 Tales
992 2925 1155 2989 ergo
1202 2905 1495 2972 defectus
1544 2904 1647 2971 *et
1709 2907 2216 2988 humiliationeS,
2281 2926 2446 2990 quae
2507 2925 2698 2970 omne
2743 2904 3020 2969 verbum

664 3015 1069 3094 contemptus
1122 3015 1189 3074 et
1248 3010 1557 3074 miseriae
1620 3013 1953 3092 superant,
2015 3010 2154 3093 ipse
2217 3007 2616 3092 Redemptor
2661 3009 3024 3072 communis

664 3118 975 3196 expertus
1006 3117 1121 3193 est,
1156 3114 1309 3195 quia
1340 3111 1483 3195 plus
1514 3129 1708 3194 quam
1741 3113 1954 3194 quivis
1985 3110 2156 3176 alius
2201 3129 2428 3196 passus
2457 3114 2577 3193 est,
2611 3115 2677 3174 et
2721 3108 3024 3192 indigens
3079 3119 3138 3163 25

665 3221 729 3279 et
776 3233 1025 3298 egenus
1070 3213 1213 3296 fuit,
1254 3219 1321 3278 et
1353 3212 1736 3278 humiliatus
1767 3219 1886 3295 est,
1935 3218 2000 3277 et
2047 3212 2404 3297 despectuS,
2453 3217 2519 3276 et
2565 3213 2884 3276 conviciis
2911 3231 3024 3295 op-

663 3317 1069 3400 probriisque
1118 3314 1405 3398 affectuS,
1454 3322 1521 3380 et
1566 3314 1969 3397 maledictuS,
2011 3321 2077 3380 et
2107 3314 2610 3400 blasphematus,
2659 3313 3024 3401 Reputatus

664 3425 763 3483 est
808 3418 1043 3482 stultus
1088 3423 1154 3482 et
1199 3418 1351 3482 vilis
1382 3419 1467 3482 ab
1512 3417 1774 3482 Herode
1809 3423 1874 3481 et-
1921 3420 2134 3482 servis
2166 3421 2326 3500 eiuS,
2374 3423 2440 3482 et
2471 3437 2512 3481 a
2558 3415 2774 3481 Pilato
2807 3421 2872 3480 et
2902 3418 3022 3479 mi-

662 3523 891 3585 nistris
936 3523 1095 3602 eiuS,
1145 3526 1211 3584 et
1240 3520 1325 3584 ab
1354 3520 1653 3586 omnibus
1683 3523 1794 3604 qui
1824 3522 2210 3604 mysterium
2241 3520 2486 3585 silentii
2531 3525 2597 3584 et
2634 3517 3024 3582 humilitatis

663 3627 807 3690 eius
852 3623 1239 3706 intellegere
1302 3643 1434 3687 non
1482 3627 1866 3707 potuerunt;
1933 3626 2026 3688 ita
2073 3628 2144 3687 ut
2189 3627 2376 3686 tanta
2421 3627 2594 3687 esset
2653 3620 3024 3685 humiliatio
3076 3629 3138 3673 3⁰

664 3731 806 3790 eius
852 3730 1093 3809 quanta
1140 3725 1415 3790 altitudo
1462 3729 1623 3808 eius,
1672 3731 1737 3790 et
1785 3725 2138 3790 secundum
2207 3745 2584 3790 mensuram
2635 3744 2762 3808 qua
2808 3742 2849 3787 a
2893 3725 3024 3807 spi-

666 3829 967 3894 ritalibus
990 3831 1314 3894 creaturis
1336 3828 1721 3911 honoratur,
1758 3831 1956 3893 etiam
2003 3847 2044 3892 a
2075 3827 2526 3912 corporalibus
2557 3827 3018 3910 despiceretur.

670 3933 746 3996 Et
792 3931 953 3996 illud
1000 3935 1099 3995 est
1145 3933 1427 4014 primum
1474 3933 1784 4013 omnium,
1818 3935 1884 3994 et
1913 3922 2278 3994 terribilius
2305 3929 2795 4012 mirabiliusque
2829 3947 3022 4011 quam

665 4039 887 4097 cetera
934 4031 1121 4115 quod,
1172 4031 1324 4095 dum
1372 4037 1543 4096 esset
1596 4052 1683 4096 ex
1729 4035 2034 4113 essentia,
2083 4035 2154 4096 in
2215 4034 2540 4096 creaturis
2585 4051 2654 4096 se
2717 4029 3018 4094 reclusit:

670 4155 706 4197 <
738 4134 1031 4198 Verbum
1055 4153 1213 4198 caro
1244 4132 1491 4197 factum
1514 4140 1611 4198 est
1644 4139 1710 4198 et
1741 4133 2067 4198 habitavit
2097 4136 2168 4196 in
2193 4133 2381 4197 nobis
2405 4155 2463 4198 ».
2515 4134 2604 4197 De
2637 4132 2762 4196 hoc
2785 4130 3022 4196 Iohan-
3077 4135 3138 4181 ³5

665 4256 787 4301 nes
830 4242 897 4300 et
942 4236 1187 4300 Paulus
1233 4237 1486 4319 pariter
1530 4234 1862 4301 testificati
1923 4241 2090 4300 sunt.
2140 4235 2256 4300 Ille
2305 4238 2479 4300 enim
2527 4234 2727 4298 dixit:
2795 4254 2830 4296 ‹<
2865 4252 3024 4298 caro

666 4337 908 4403 factum
956 4344 1055 4403 est
1101 4345 1165 4402 et
1212 4340 1538 4404 habitavit
1582 4341 1651 4402 in
1696 4338 1887 4402 nobis
1919 4359 1992 4414 »;
2043 4338 2150 4402 hic
2179 4357 2374 4402 vero:
2429 4359 2466 4402 ‹<
2491 4337 2704 4402 factus
2751 4356 2836 4400 ex
2882 4355 3026 4399 mu-

666 4439 829 4504 liere
864 4445 927 4504 et
974 4441 1092 4504 sub
1137 4440 1286 4524 lege
1320 4463 1379 4505 ».
1430 4441 1546 4506 Ille
1594 4441 1838 4522 Verh0,
1887 4439 1996 4504 hic
2042 4439 2228 4523 Filio,
2283 4461 2320 4503 <<
2345 4438 2490 4504 fieri
2516 4461 2553 4504 »
2604 4439 2852 4503 tribuit.

754 4559 773 4590 ¹
813 4560 893 4615 Cf.
934 4563 1199 4624 ΜΑΤτΗ..
1234 4575 1423 4630 xxvn,
1462 4563 1548 4616 42.
