<?xml version="1.0" encoding="UTF-8"?>
<!DOCTYPE html PUBLIC "-//W3C//DTD XHTML 1.0 Transitional//EN"
    "http://www.w3.org/TR/xhtml1/DTD/xhtml1-transitional.dtd">
<html xmlns="http://www.w3.org/1999/xhtml" xml:lang="en" lang="en">
 <head>
  <title>
</title>
<meta http-equiv="Content-Type" content="text/html;charset=utf-8" />
  <meta name='ocr-system' content='tesseract 3.04.00' />
  <meta name='ocr-capabilities' content='ocr_page ocr_carea ocr_par ocr_line ocrx_word'/>
</head>
<body>
  <div class='ocr_page' id='page_1' title='image "./corpusscriptoru13unkngoog_0059.png"; bbox 0 0 3400 5642; ppageno 0'>
   <div class='ocr_carea' id='block_1_1' title="bbox 757 662 3243 1874">
    <p class='ocr_par' dir='ltr' id='par_1_1' title="bbox 761 662 3144 1059">
     <span class='ocr_line' id='line_1_1' title="bbox 761 662 3143 749; baseline -0.001 -18"><span class='ocrx_word' id='word_1_1' title='bbox 761 686 884 732; x_wconf 91' lang='lat' dir='ltr'>nec</span> <span class='ocrx_word' id='word_1_2' title='bbox 930 669 1346 733; x_wconf 83' lang='lat' dir='ltr'>existimatur</span> <span class='ocrx_word' id='word_1_3' title='bbox 1391 686 1532 732; x_wconf 88' lang='lat' dir='ltr'>esse</span> <span class='ocrx_word' id='word_1_4' title='bbox 1579 666 1754 732; x_wconf 90' lang='lat' dir='ltr'>alter</span> <span class='ocrx_word' id='word_1_5' title='bbox 1798 666 1993 731; x_wconf 87' lang='lat' dir='ltr'>homo</span> <span class='ocrx_word' id='word_1_6' title='bbox 2022 672 2216 731; x_wconf 81' lang='lat' dir='ltr'>extra</span> <span class='ocrx_word' id='word_1_7' title='bbox 2250 686 2418 749; x_wconf 91' lang='lat' dir='ltr'>eum,</span> <span class='ocrx_word' id='word_1_8' title='bbox 2452 669 2545 730; x_wconf 90' lang='lat' dir='ltr'>ita</span> <span class='ocrx_word' id='word_1_9' title='bbox 2578 668 2779 731; x_wconf 93' lang='lat' dir='ltr'>etiam</span> <span class='ocrx_word' id='word_1_10' title='bbox 2828 685 2995 730; x_wconf 89' lang='lat' dir='ltr'>caro</span> <span class='ocrx_word' id='word_1_11' title='bbox 3050 662 3143 731; x_wconf 88' lang='lat' dir='ltr'>ad</span> 
     </span>
     <span class='ocr_line' id='line_1_2' title="bbox 762 768 3144 855; baseline 0 -22"><span class='ocrx_word' id='word_1_12' title='bbox 762 787 910 835; x_wconf 88' lang='lat' dir='ltr'>eum</span> <span class='ocrx_word' id='word_1_13' title='bbox 957 772 1259 855; x_wconf 81' lang='lat' dir='ltr'>pertinet,</span> <span class='ocrx_word' id='word_1_14' title='bbox 1307 789 1430 835; x_wconf 89' lang='lat' dir='ltr'>nec</span> <span class='ocrx_word' id='word_1_15' title='bbox 1475 774 1819 855; x_wconf 89' lang='lat' dir='ltr'>reputatur</span> <span class='ocrx_word' id='word_1_16' title='bbox 1864 788 2007 835; x_wconf 89' lang='lat' dir='ltr'>esse</span> <span class='ocrx_word' id='word_1_17' title='bbox 2040 769 2314 834; x_wconf 88' lang='lat' dir='ltr'>alterius</span> <span class='ocrx_word' id='word_1_18' title='bbox 2344 774 2537 834; x_wconf 81' lang='lat' dir='ltr'>extra</span> <span class='ocrx_word' id='word_1_19' title='bbox 2568 788 2749 845; x_wconf 91' lang='lat' dir='ltr'>eum;</span> <span class='ocrx_word' id='word_1_20' title='bbox 2801 768 2921 833; x_wconf 88' lang='lat' dir='ltr'>sed</span> <span class='ocrx_word' id='word_1_21' title='bbox 2966 788 3144 853; x_wconf 90' lang='lat' dir='ltr'>quo-</span> 
     </span>
     <span class='ocr_line' id='line_1_3' title="bbox 761 870 3141 956; baseline -0.001 -19"><span class='ocrx_word' id='word_1_22' title='bbox 761 890 1034 956; x_wconf 84' lang='lat' dir='ltr'>cumque</span> <span class='ocrx_word' id='word_1_23' title='bbox 1081 870 1316 937; x_wconf 88' lang='lat' dir='ltr'>horum</span> <span class='ocrx_word' id='word_1_24' title='bbox 1363 876 1652 955; x_wconf 90' lang='lat' dir='ltr'>vocetur,</span> <span class='ocrx_word' id='word_1_25' title='bbox 1701 870 1875 935; x_wconf 90' lang='lat' dir='ltr'>idem</span> <span class='ocrx_word' id='word_1_26' title='bbox 1922 870 2116 937; x_wconf 88' lang='lat' dir='ltr'>homo</span> <span class='ocrx_word' id='word_1_27' title='bbox 2164 873 2565 955; x_wconf 82' lang='lat' dir='ltr'><strong>agnoscitur,</strong></span> <span class='ocrx_word' id='word_1_28' title='bbox 2600 876 2663 935; x_wconf 92' lang='lat' dir='ltr'>et</span> <span class='ocrx_word' id='word_1_29' title='bbox 2689 890 2936 935; x_wconf 89' lang='lat' dir='ltr'>revera</span> <span class='ocrx_word' id='word_1_30' title='bbox 2958 890 3141 935; x_wconf 88' lang='lat' dir='ltr'>uno-</span> 
     </span>
     <span class='ocr_line' id='line_1_4' title="bbox 761 972 2615 1059; baseline -0.001 -20"><span class='ocrx_word' id='word_1_31' title='bbox 761 992 1009 1059; x_wconf 83' lang='lat' dir='ltr'>quoque</span> <span class='ocrx_word' id='word_1_32' title='bbox 1056 991 1282 1039; x_wconf 87' lang='lat' dir='ltr'>eorum</span> <span class='ocrx_word' id='word_1_33' title='bbox 1327 978 1504 1039; x_wconf 87' lang='lat' dir='ltr'>totus</span> <span class='ocrx_word' id='word_1_34' title='bbox 1545 978 1827 1039; x_wconf 90' lang='lat' dir='ltr'>vocatur</span> <span class='ocrx_word' id='word_1_35' title='bbox 1870 974 1941 1037; x_wconf 89' lang='lat' dir='ltr'>in</span> <span class='ocrx_word' id='word_1_36' title='bbox 1984 979 2212 1039; x_wconf 88' lang='lat' dir='ltr'>sancta</span> <span class='ocrx_word' id='word_1_37' title='bbox 2260 972 2615 1058; x_wconf 83' lang='lat' dir='ltr'>Scriptura.</span> 
     </span>
    </p>

    <p class='ocr_par' dir='ltr' id='par_1_2' title="bbox 757 1075 3243 1874">
     <span class='ocr_line' id='line_1_5' title="bbox 849 1075 3243 1161; baseline 0 -20"><span class='ocrx_word' id='word_1_38' title='bbox 849 1076 1212 1161; x_wconf 87' lang='lat' dir='ltr'>Assumpsit</span> <span class='ocrx_word' id='word_1_39' title='bbox 1251 1078 1456 1160; x_wconf 85' lang='lat' dir='ltr'>igitur</span> <span class='ocrx_word' id='word_1_40' title='bbox 1501 1094 1737 1161; x_wconf 84' lang='lat' dir='ltr'>corpus</span> <span class='ocrx_word' id='word_1_41' title='bbox 1782 1076 2141 1141; x_wconf 89' lang='lat' dir='ltr'>humanum</span> <span class='ocrx_word' id='word_1_42' title='bbox 2164 1096 2252 1140; x_wconf 84' lang='lat' dir='ltr'>ex</span> <span class='ocrx_word' id='word_1_43' title='bbox 2282 1076 2562 1161; x_wconf 78' lang='lat' dir='ltr'>Virgine</span> <span class='ocrx_word' id='word_1_44' title='bbox 2594 1076 2764 1141; x_wconf 90' lang='lat' dir='ltr'>Deus</span> <span class='ocrx_word' id='word_1_45' title='bbox 2796 1075 3133 1160; x_wconf 83' lang='lat' dir='ltr'>Verbum,</span> <span class='ocrx_word' id='word_1_46' title='bbox 3212 1082 3243 1131; x_wconf 73' lang='lat'>⁸</span> 
     </span>
     <span class='ocr_line' id='line_1_6' title="bbox 759 1177 3135 1263; baseline 0 -20"><span class='ocrx_word' id='word_1_47' title='bbox 759 1196 890 1243; x_wconf 90' lang='lat' dir='ltr'>non</span> <span class='ocrx_word' id='word_1_48' title='bbox 935 1182 1158 1243; x_wconf 89' lang='lat' dir='ltr'>tamen</span> <span class='ocrx_word' id='word_1_49' title='bbox 1205 1178 1447 1263; x_wconf 86' lang='lat' dir='ltr'>absque</span> <span class='ocrx_word' id='word_1_50' title='bbox 1492 1179 1951 1243; x_wconf 82' lang='lat' dir='ltr'>incarnatione</span> <span class='ocrx_word' id='word_1_51' title='bbox 1998 1183 2066 1243; x_wconf 90' lang='lat' dir='ltr'>et</span> <span class='ocrx_word' id='word_1_52' title='bbox 2094 1177 2655 1261; x_wconf 79' lang='lat' dir='ltr'>inhumanatione,</span> <span class='ocrx_word' id='word_1_53' title='bbox 2704 1180 2857 1262; x_wconf 90' lang='lat' dir='ltr'>quia</span> <span class='ocrx_word' id='word_1_54' title='bbox 2888 1179 2963 1241; x_wconf 90' lang='lat' dir='ltr'>in</span> <span class='ocrx_word' id='word_1_55' title='bbox 3022 1181 3135 1243; x_wconf 87' lang='lat' dir='ltr'>in-</span> 
     </span>
     <span class='ocr_line' id='line_1_7' title="bbox 759 1278 3133 1365; baseline 0 -20"><span class='ocrx_word' id='word_1_56' title='bbox 759 1282 1216 1365; x_wconf 87' lang='lat' dir='ltr'>corporatione</span> <span class='ocrx_word' id='word_1_57' title='bbox 1263 1280 1645 1364; x_wconf 80' lang='lat' dir='ltr'>agnoscitur</span> <span class='ocrx_word' id='word_1_58' title='bbox 1689 1282 1890 1344; x_wconf 88' lang='lat' dir='ltr'>etiam</span> <span class='ocrx_word' id='word_1_59' title='bbox 1937 1282 2309 1363; x_wconf 77' lang='lat' dir='ltr'>assumptio,</span> <span class='ocrx_word' id='word_1_60' title='bbox 2358 1278 2503 1363; x_wconf 89' lang='lat' dir='ltr'>Ipse</span> <span class='ocrx_word' id='word_1_61' title='bbox 2548 1278 2760 1345; x_wconf 86' lang='lat' dir='ltr'>factus</span> <span class='ocrx_word' id='word_1_62' title='bbox 2792 1284 2893 1343; x_wconf 86' lang='lat' dir='ltr'>est</span> <span class='ocrx_word' id='word_1_63' title='bbox 2920 1278 3133 1345; x_wconf 87' lang='lat' dir='ltr'>homo</span> 
     </span>
     <span class='ocr_line' id='line_1_8' title="bbox 757 1380 3133 1467; baseline -0 -20"><span class='ocrx_word' id='word_1_64' title='bbox 757 1380 1105 1467; x_wconf 80' lang='lat' dir='ltr'>perfectus,</span> <span class='ocrx_word' id='word_1_65' title='bbox 1151 1381 1464 1465; x_wconf 87' lang='lat' dir='ltr'>nobisque</span> <span class='ocrx_word' id='word_1_66' title='bbox 1512 1381 1912 1448; x_wconf 90' lang='lat' dir='ltr'>assimilatus</span> <span class='ocrx_word' id='word_1_67' title='bbox 1956 1386 2056 1446; x_wconf 89' lang='lat' dir='ltr'>est</span> <span class='ocrx_word' id='word_1_68' title='bbox 2101 1384 2171 1445; x_wconf 92' lang='lat' dir='ltr'>in</span> <span class='ocrx_word' id='word_1_69' title='bbox 2218 1380 2519 1446; x_wconf 89' lang='lat' dir='ltr'>omnibus</span> <span class='ocrx_word' id='word_1_70' title='bbox 2565 1386 2831 1466; x_wconf 89' lang='lat' dir='ltr'>praeter</span> <span class='ocrx_word' id='word_1_71' title='bbox 2886 1400 3133 1465; x_wconf 88' lang='lat' dir='ltr'>pecca-</span> 
     </span>
     <span class='ocr_line' id='line_1_9' title="bbox 758 1482 3130 1569; baseline -0 -19"><span class='ocrx_word' id='word_1_72' title='bbox 758 1489 913 1550; x_wconf 86' lang='lat' dir='ltr'>tum.</span> <span class='ocrx_word' id='word_1_73' title='bbox 963 1482 1258 1549; x_wconf 86' lang='lat' dir='ltr'>Persona</span> <span class='ocrx_word' id='word_1_74' title='bbox 1301 1483 1440 1566; x_wconf 90' lang='lat' dir='ltr'>illa,</span> <span class='ocrx_word' id='word_1_75' title='bbox 1489 1502 1652 1567; x_wconf 90' lang='lat' dir='ltr'>quae</span> <span class='ocrx_word' id='word_1_76' title='bbox 1699 1488 1841 1548; x_wconf 89' lang='lat' dir='ltr'>tota</span> <span class='ocrx_word' id='word_1_77' title='bbox 1888 1483 2059 1548; x_wconf 89' lang='lat' dir='ltr'>Deus</span> <span class='ocrx_word' id='word_1_78' title='bbox 2103 1489 2220 1567; x_wconf 88' lang='lat' dir='ltr'>est,</span> <span class='ocrx_word' id='word_1_79' title='bbox 2254 1486 2397 1569; x_wconf 90' lang='lat' dir='ltr'>ipsa</span> <span class='ocrx_word' id='word_1_80' title='bbox 2429 1484 2669 1569; x_wconf 87' lang='lat' dir='ltr'>absque</span> <span class='ocrx_word' id='word_1_81' title='bbox 2702 1486 3130 1549; x_wconf 89' lang='lat' dir='ltr'>incremento</span> 
     </span>
     <span class='ocr_line' id='line_1_10' title="bbox 759 1584 3235 1671; baseline 0 -21"><span class='ocrx_word' id='word_1_82' title='bbox 759 1588 988 1671; x_wconf 89' lang='lat' dir='ltr'>agnita</span> <span class='ocrx_word' id='word_1_83' title='bbox 1033 1591 1132 1651; x_wconf 89' lang='lat' dir='ltr'>est</span> <span class='ocrx_word' id='word_1_84' title='bbox 1178 1588 1378 1651; x_wconf 89' lang='lat' dir='ltr'>etiam</span> <span class='ocrx_word' id='word_1_85' title='bbox 1439 1585 1655 1668; x_wconf 90' lang='lat' dir='ltr'>homo,</span> <span class='ocrx_word' id='word_1_86' title='bbox 1705 1585 1771 1650; x_wconf 92' lang='lat' dir='ltr'>id</span> <span class='ocrx_word' id='word_1_87' title='bbox 1817 1584 2066 1650; x_wconf 90' lang='lat' dir='ltr'>scilicet</span> <span class='ocrx_word' id='word_1_88' title='bbox 2128 1584 2295 1670; x_wconf 93' lang='lat' dir='ltr'>quod</span> <span class='ocrx_word' id='word_1_89' title='bbox 2357 1584 2537 1651; x_wconf 87' lang='lat' dir='ltr'>facta</span> <span class='ocrx_word' id='word_1_90' title='bbox 2581 1590 2711 1662; x_wconf 88' lang='lat' dir='ltr'>est;</span> <span class='ocrx_word' id='word_1_91' title='bbox 2778 1589 2937 1670; x_wconf 92' lang='lat' dir='ltr'>quia</span> <span class='ocrx_word' id='word_1_92' title='bbox 2982 1605 3127 1651; x_wconf 92' lang='lat' dir='ltr'>non</span> <span class='ocrx_word' id='word_1_93' title='bbox 3184 1602 3235 1650; x_wconf 82' lang='grc' dir='ltr'>ιο</span> 
     </span>
     <span class='ocr_line' id='line_1_11' title="bbox 757 1684 3127 1772; baseline 0 -19"><span class='ocrx_word' id='word_1_94' title='bbox 757 1686 935 1753; x_wconf 81' lang='lat' dir='ltr'>facta</span> <span class='ocrx_word' id='word_1_95' title='bbox 981 1692 1080 1752; x_wconf 89' lang='lat' dir='ltr'>est</span> <span class='ocrx_word' id='word_1_96' title='bbox 1125 1706 1212 1751; x_wconf 82' lang='lat' dir='ltr'>ex</span> <span class='ocrx_word' id='word_1_97' title='bbox 1255 1685 1537 1772; x_wconf 87' lang='lat' dir='ltr'>Virgine</span> <span class='ocrx_word' id='word_1_98' title='bbox 1583 1686 1649 1752; x_wconf 89' lang='lat' dir='ltr'>id</span> <span class='ocrx_word' id='word_1_99' title='bbox 1697 1686 1867 1771; x_wconf 90' lang='lat' dir='ltr'>quod</span> <span class='ocrx_word' id='word_1_100' title='bbox 1912 1692 2058 1752; x_wconf 88' lang='lat' dir='ltr'>erat</span> <span class='ocrx_word' id='word_1_101' title='bbox 2104 1684 2460 1753; x_wconf 90' lang='lat' dir='ltr'>secundum</span> <span class='ocrx_word' id='word_1_102' title='bbox 2506 1692 2834 1770; x_wconf 91' lang='lat' dir='ltr'>naturam,</span> <span class='ocrx_word' id='word_1_103' title='bbox 2862 1685 3021 1753; x_wconf 72' lang='lat' dir='ltr'>*sed</span> <span class='ocrx_word' id='word_1_104' title='bbox 3054 1688 3127 1753; x_wconf 89' lang='lat' dir='ltr'>id</span> 
     </span>
     <span class='ocr_line' id='line_1_12' title="bbox 757 1787 3125 1874; baseline 0 -20"><span class='ocrx_word' id='word_1_105' title='bbox 757 1788 927 1874; x_wconf 93' lang='lat' dir='ltr'>quod</span> <span class='ocrx_word' id='word_1_106' title='bbox 971 1794 1238 1874; x_wconf 91' lang='lat' dir='ltr'>propter</span> <span class='ocrx_word' id='word_1_107' title='bbox 1281 1794 1576 1853; x_wconf 89' lang='lat' dir='ltr'>nostram</span> <span class='ocrx_word' id='word_1_108' title='bbox 1621 1788 1900 1854; x_wconf 87' lang='lat' dir='ltr'>salutem</span> <span class='ocrx_word' id='word_1_109' title='bbox 1946 1790 2361 1853; x_wconf 88' lang='lat' dir='ltr'>oeconomice</span> <span class='ocrx_word' id='word_1_110' title='bbox 2418 1787 2814 1873; x_wconf 86' lang='lat' dir='ltr'>adimplevit.</span> <span class='ocrx_word' id='word_1_111' title='bbox 2876 1790 3125 1855; x_wconf 82' lang='lat' dir='ltr'>Neces-</span> 
     </span>
    </p>
   </div>
   <div class='ocr_carea' id='block_1_2' title="bbox 752 1891 3226 4628">
    <p class='ocr_par' dir='ltr' id='par_1_3' title="bbox 752 1891 3226 4628">
     <span class='ocr_line' id='line_1_13' title="bbox 757 1891 3125 1976; baseline 0 -19"><span class='ocrx_word' id='word_1_112' title='bbox 757 1892 1009 1957; x_wconf 84' lang='lat' dir='ltr'>sarium</span> <span class='ocrx_word' id='word_1_113' title='bbox 1062 1893 1238 1956; x_wconf 90' lang='lat' dir='ltr'>enim</span> <span class='ocrx_word' id='word_1_114' title='bbox 1285 1897 1429 1956; x_wconf 88' lang='lat' dir='ltr'>erat</span> <span class='ocrx_word' id='word_1_115' title='bbox 1475 1910 1596 1956; x_wconf 90' lang='lat' dir='ltr'>nos</span> <span class='ocrx_word' id='word_1_116' title='bbox 1641 1910 1682 1955; x_wconf 88' lang='lat' dir='ltr'>a</span> <span class='ocrx_word' id='word_1_117' title='bbox 1730 1891 2159 1975; x_wconf 83' lang='lat' dir='ltr'>passionibuS,</span> <span class='ocrx_word' id='word_1_118' title='bbox 2208 1896 2275 1955; x_wconf 90' lang='lat' dir='ltr'>et</span> <span class='ocrx_word' id='word_1_119' title='bbox 2322 1895 2552 1974; x_wconf 89' lang='lat' dir='ltr'>morte,</span> <span class='ocrx_word' id='word_1_120' title='bbox 2580 1896 2645 1955; x_wconf 91' lang='lat' dir='ltr'>et</span> <span class='ocrx_word' id='word_1_121' title='bbox 2689 1896 3125 1976; x_wconf 85' lang='lat' dir='ltr'>corruptione</span> 
     </span>
     <span class='ocr_line' id='line_1_14' title="bbox 756 1992 3123 2078; baseline -0 -18"><span class='ocrx_word' id='word_1_122' title='bbox 756 1993 1063 2072; x_wconf 82' lang='lat' dir='ltr'>liberari3</span> <span class='ocrx_word' id='word_1_123' title='bbox 1114 1994 1282 2078; x_wconf 91' lang='lat' dir='ltr'>quod</span> <span class='ocrx_word' id='word_1_124' title='bbox 1325 2013 1657 2078; x_wconf 88' lang='lat' dir='ltr'>nunquam</span> <span class='ocrx_word' id='word_1_125' title='bbox 1704 1996 1973 2059; x_wconf 88' lang='lat' dir='ltr'>evenire</span> <span class='ocrx_word' id='word_1_126' title='bbox 2020 1996 2334 2078; x_wconf 89' lang='lat' dir='ltr'>potuisset</span> <span class='ocrx_word' id='word_1_127' title='bbox 2378 1995 2513 2058; x_wconf 91' lang='lat' dir='ltr'>nisi</span> <span class='ocrx_word' id='word_1_128' title='bbox 2540 1992 2671 2075; x_wconf 91' lang='lat' dir='ltr'>ille,</span> <span class='ocrx_word' id='word_1_129' title='bbox 2698 1996 2808 2077; x_wconf 91' lang='lat' dir='ltr'>qui</span> <span class='ocrx_word' id='word_1_130' title='bbox 2840 2000 3123 2059; x_wconf 91' lang='lat' dir='ltr'>natura-</span> 
     </span>
     <span class='ocr_line' id='line_1_15' title="bbox 754 2094 3226 2181; baseline 0.002 -20"><span class='ocrx_word' id='word_1_131' title='bbox 754 2096 910 2161; x_wconf 87' lang='lat' dir='ltr'>liter</span> <span class='ocrx_word' id='word_1_132' title='bbox 954 2116 1035 2163; x_wconf 88' lang='lat' dir='ltr'>ea</span> <span class='ocrx_word' id='word_1_133' title='bbox 1081 2100 1365 2181; x_wconf 87' lang='lat' dir='ltr'>superat,</span> <span class='ocrx_word' id='word_1_134' title='bbox 1412 2096 1603 2161; x_wconf 89' lang='lat' dir='ltr'>nobis</span> <span class='ocrx_word' id='word_1_135' title='bbox 1647 2094 2224 2162; x_wconf 88' lang='lat' dir='ltr'>consubstantialis</span> <span class='ocrx_word' id='word_1_136' title='bbox 2270 2094 2458 2161; x_wconf 85' lang='lat' dir='ltr'>fieret</span> <span class='ocrx_word' id='word_1_137' title='bbox 2506 2101 2573 2160; x_wconf 90' lang='lat' dir='ltr'>et</span> <span class='ocrx_word' id='word_1_138' title='bbox 2624 2098 2873 2161; x_wconf 86' lang='lat' dir='ltr'>nostris</span> <span class='ocrx_word' id='word_1_139' title='bbox 2938 2118 3122 2161; x_wconf 86' lang='lat' dir='ltr'>com·</span> <span class='ocrx_word' id='word_1_140' title='bbox 3176 2118 3226 2165; x_wconf 75' lang='lat'>1⁵</span> 
     </span>
     <span class='ocr_line' id='line_1_16' title="bbox 756 2198 3121 2285; baseline 0.001 -22"><span class='ocrx_word' id='word_1_141' title='bbox 756 2202 1139 2265; x_wconf 88' lang='lat' dir='ltr'>municaret.</span> <span class='ocrx_word' id='word_1_142' title='bbox 1187 2198 1599 2284; x_wconf 86' lang='lat' dir='ltr'>Quapropter</span> <span class='ocrx_word' id='word_1_143' title='bbox 1644 2200 1781 2284; x_wconf 91' lang='lat' dir='ltr'>ipse</span> <span class='ocrx_word' id='word_1_144' title='bbox 1827 2200 2018 2263; x_wconf 88' lang='lat' dir='ltr'>carni</span> <span class='ocrx_word' id='word_1_145' title='bbox 2064 2204 2129 2263; x_wconf 90' lang='lat' dir='ltr'>et</span> <span class='ocrx_word' id='word_1_146' title='bbox 2184 2200 2494 2282; x_wconf 91' lang='lat' dir='ltr'>sanguini</span> <span class='ocrx_word' id='word_1_147' title='bbox 2554 2201 2999 2285; x_wconf 85' lang='lat' dir='ltr'>participavit,</span> <span class='ocrx_word' id='word_1_148' title='bbox 3049 2206 3121 2265; x_wconf 91' lang='lat' dir='ltr'>et</span> 
     </span>
     <span class='ocr_line' id='line_1_17' title="bbox 754 2298 3122 2386; baseline 0 -20"><span class='ocrx_word' id='word_1_149' title='bbox 754 2321 876 2367; x_wconf 88' lang='lat' dir='ltr'>nos</span> <span class='ocrx_word' id='word_1_150' title='bbox 920 2304 1272 2386; x_wconf 90' lang='lat' dir='ltr'>participes</span> <span class='ocrx_word' id='word_1_151' title='bbox 1317 2298 1530 2366; x_wconf 85' lang='lat' dir='ltr'>effecit</span> <span class='ocrx_word' id='word_1_152' title='bbox 1576 2298 1855 2385; x_wconf 85' lang='lat' dir='ltr'>Spiritus</span> <span class='ocrx_word' id='word_1_153' title='bbox 1916 2305 1982 2366; x_wconf 85' lang='lat' dir='ltr'>et</span> <span class='ocrx_word' id='word_1_154' title='bbox 2040 2303 2218 2365; x_wconf 90' lang='lat' dir='ltr'>vitae</span> <span class='ocrx_word' id='word_1_155' title='bbox 2270 2305 2335 2365; x_wconf 90' lang='lat' dir='ltr'>et</span> <span class='ocrx_word' id='word_1_156' title='bbox 2380 2302 2911 2385; x_wconf 81' lang='lat' dir='ltr'>incorruptionis,</span> <span class='ocrx_word' id='word_1_157' title='bbox 2967 2302 3122 2367; x_wconf 87' lang='lat' dir='ltr'>Noli</span> 
     </span>
     <span class='ocr_line' id='line_1_18' title="bbox 756 2399 3115 2487; baseline 0.001 -21"><span class='ocrx_word' id='word_1_158' title='bbox 756 2419 918 2486; x_wconf 90' lang='lat' dir='ltr'>ergo</span> <span class='ocrx_word' id='word_1_159' title='bbox 963 2404 1034 2465; x_wconf 92' lang='lat' dir='ltr'>in</span> <span class='ocrx_word' id='word_1_160' title='bbox 1080 2407 1295 2466; x_wconf 91' lang='lat' dir='ltr'>mente</span> <span class='ocrx_word' id='word_1_161' title='bbox 1327 2407 1440 2466; x_wconf 91' lang='lat' dir='ltr'>tua</span> <span class='ocrx_word' id='word_1_162' title='bbox 1486 2399 1740 2485; x_wconf 86' lang='lat' dir='ltr'>fingere</span> <span class='ocrx_word' id='word_1_163' title='bbox 1788 2400 2178 2487; x_wconf 86' lang='lat' dir='ltr'>phantasma</span> <span class='ocrx_word' id='word_1_164' title='bbox 2226 2399 2401 2465; x_wconf 91' lang='lat' dir='ltr'>illius</span> <span class='ocrx_word' id='word_1_165' title='bbox 2448 2400 2617 2486; x_wconf 93' lang='lat' dir='ltr'>quod</span> <span class='ocrx_word' id='word_1_166' title='bbox 2660 2421 2795 2467; x_wconf 91' lang='lat' dir='ltr'>non</span> <span class='ocrx_word' id='word_1_167' title='bbox 2827 2406 3115 2485; x_wconf 83' lang='lat' dir='ltr'>exsistit,</span> 
     </span>
     <span class='ocr_line' id='line_1_19' title="bbox 756 2502 3115 2589; baseline -0 -21"><span class='ocrx_word' id='word_1_168' title='bbox 756 2508 868 2568; x_wconf 92' lang='lat' dir='ltr'>aut</span> <span class='ocrx_word' id='word_1_169' title='bbox 914 2522 1063 2569; x_wconf 90' lang='lat' dir='ltr'>eum</span> <span class='ocrx_word' id='word_1_170' title='bbox 1107 2522 1460 2569; x_wconf 86' lang='lat' dir='ltr'>numerare</span> <span class='ocrx_word' id='word_1_171' title='bbox 1483 2504 1594 2588; x_wconf 90' lang='lat' dir='ltr'>qui</span> <span class='ocrx_word' id='word_1_172' title='bbox 1623 2523 1941 2589; x_wconf 88' lang='lat' dir='ltr'>nusquam</span> <span class='ocrx_word' id='word_1_173' title='bbox 1964 2502 2393 2568; x_wconf 88' lang='lat' dir='ltr'>numerabilis</span> <span class='ocrx_word' id='word_1_174' title='bbox 2417 2506 2817 2587; x_wconf 85' lang='lat' dir='ltr'>agnoscitur.</span> <span class='ocrx_word' id='word_1_175' title='bbox 2850 2504 3115 2575; x_wconf 78' lang='lat' dir='ltr'>Etenim</span> 
     </span>
     <span class='ocr_line' id='line_1_20' title="bbox 755 2604 3223 2691; baseline 0 -21"><span class='ocrx_word' id='word_1_176' title='bbox 755 2624 1035 2691; x_wconf 88' lang='lat' dir='ltr'>persona</span> <span class='ocrx_word' id='word_1_177' title='bbox 1079 2604 1288 2670; x_wconf 88' lang='lat' dir='ltr'>Verbi</span> <span class='ocrx_word' id='word_1_178' title='bbox 1329 2625 1649 2691; x_wconf 86' lang='lat' dir='ltr'>nusquam</span> <span class='ocrx_word' id='word_1_179' title='bbox 1691 2611 2039 2671; x_wconf 88' lang='lat' dir='ltr'>numerata</span> <span class='ocrx_word' id='word_1_180' title='bbox 2086 2612 2203 2687; x_wconf 91' lang='lat' dir='ltr'>est,</span> <span class='ocrx_word' id='word_1_181' title='bbox 2238 2624 2360 2670; x_wconf 90' lang='lat' dir='ltr'>nec</span> <span class='ocrx_word' id='word_1_182' title='bbox 2390 2604 2504 2669; x_wconf 91' lang='lat' dir='ltr'>ubi</span> <span class='ocrx_word' id='word_1_183' title='bbox 2534 2624 2621 2670; x_wconf 85' lang='lat' dir='ltr'>ex</span> <span class='ocrx_word' id='word_1_184' title='bbox 2676 2610 2967 2671; x_wconf 88' lang='lat' dir='ltr'>essentia</span> <span class='ocrx_word' id='word_1_185' title='bbox 2999 2626 3118 2691; x_wconf 89' lang='lat' dir='ltr'>ge-</span> <span class='ocrx_word' id='word_1_186' title='bbox 3170 2622 3223 2671; x_wconf 76' lang='lat' dir='ltr'>a&gt;</span> 
     </span>
     <span class='ocr_line' id='line_1_21' title="bbox 753 2706 3118 2792; baseline 0.002 -21"><span class='ocrx_word' id='word_1_187' title='bbox 753 2709 894 2772; x_wconf 88' lang='lat' dir='ltr'>nita</span> <span class='ocrx_word' id='word_1_188' title='bbox 941 2714 1058 2791; x_wconf 90' lang='lat' dir='ltr'>est,</span> <span class='ocrx_word' id='word_1_189' title='bbox 1106 2726 1230 2773; x_wconf 91' lang='lat' dir='ltr'>nec</span> <span class='ocrx_word' id='word_1_190' title='bbox 1259 2706 1372 2772; x_wconf 90' lang='lat' dir='ltr'>ubi</span> <span class='ocrx_word' id='word_1_191' title='bbox 1397 2726 1483 2772; x_wconf 84' lang='lat' dir='ltr'>ex</span> <span class='ocrx_word' id='word_1_192' title='bbox 1504 2706 1787 2792; x_wconf 88' lang='lat' dir='ltr'>Virgine</span> <span class='ocrx_word' id='word_1_193' title='bbox 1818 2708 2237 2791; x_wconf 91' lang='lat' dir='ltr'>incorporata</span> <span class='ocrx_word' id='word_1_194' title='bbox 2264 2712 2381 2789; x_wconf 89' lang='lat' dir='ltr'>est,</span> <span class='ocrx_word' id='word_1_195' title='bbox 2406 2726 2531 2771; x_wconf 91' lang='lat' dir='ltr'>nec</span> <span class='ocrx_word' id='word_1_196' title='bbox 2560 2706 2674 2771; x_wconf 90' lang='lat' dir='ltr'>ubi</span> <span class='ocrx_word' id='word_1_197' title='bbox 2703 2710 2774 2770; x_wconf 89' lang='lat' dir='ltr'>in</span> <span class='ocrx_word' id='word_1_198' title='bbox 2798 2708 3118 2775; x_wconf 85' lang='lat' dir='ltr'>mundum</span> 
     </span>
     <span class='ocr_line' id='line_1_22' title="bbox 754 2808 3114 2895; baseline 0 -20"><span class='ocrx_word' id='word_1_199' title='bbox 754 2828 912 2877; x_wconf 91' lang='lat' dir='ltr'>caro</span> <span class='ocrx_word' id='word_1_200' title='bbox 957 2812 1252 2875; x_wconf 87' lang='lat' dir='ltr'>intravit.</span> <span class='ocrx_word' id='word_1_201' title='bbox 1302 2809 1360 2873; x_wconf 94' lang='lat' dir='ltr'>N</span> <span class='ocrx_word' id='word_1_202' title='bbox 1361 2809 1549 2874; x_wconf 90' lang='lat' dir='ltr'>ullibi</span> <span class='ocrx_word' id='word_1_203' title='bbox 1593 2812 1772 2874; x_wconf 89' lang='lat' dir='ltr'>enim</span> <span class='ocrx_word' id='word_1_204' title='bbox 1815 2808 2110 2873; x_wconf 91' lang='lat' dir='ltr'>Verbum</span> <span class='ocrx_word' id='word_1_205' title='bbox 2154 2814 2227 2874; x_wconf 94' lang='lat' dir='ltr'>ut</span> <span class='ocrx_word' id='word_1_206' title='bbox 2256 2808 2664 2873; x_wconf 88' lang='lat' dir='ltr'>numerabile</span> <span class='ocrx_word' id='word_1_207' title='bbox 2706 2813 3114 2895; x_wconf 87' lang='lat' dir='ltr'>agnoscitur,</span> 
     </span>
     <span class='ocr_line' id='line_1_23' title="bbox 754 2909 3113 2999; baseline 0.001 -24"><span class='ocrx_word' id='word_1_208' title='bbox 754 2915 905 2999; x_wconf 88' lang='lat' dir='ltr'>quia</span> <span class='ocrx_word' id='word_1_209' title='bbox 951 2912 1019 2977; x_wconf 91' lang='lat' dir='ltr'>id</span> <span class='ocrx_word' id='word_1_210' title='bbox 1065 2910 1234 2997; x_wconf 91' lang='lat' dir='ltr'>quod</span> <span class='ocrx_word' id='word_1_211' title='bbox 1281 2932 1319 2976; x_wconf 81' lang='lat'><strong>&lt;</strong></span> <span class='ocrx_word' id='word_1_212' title='bbox 1353 2918 1452 2977; x_wconf 89' lang='lat' dir='ltr'>est</span> <span class='ocrx_word' id='word_1_213' title='bbox 1483 2933 1520 2977; x_wconf 81' lang='lat'><strong>»</strong></span> <span class='ocrx_word' id='word_1_214' title='bbox 1571 2912 1656 2976; x_wconf 91' lang='lat' dir='ltr'>ab</span> <span class='ocrx_word' id='word_1_215' title='bbox 1685 2910 1801 2975; x_wconf 90' lang='lat' dir='ltr'>illo</span> <span class='ocrx_word' id='word_1_216' title='bbox 1833 2909 2002 2995; x_wconf 92' lang='lat' dir='ltr'>quod</span> <span class='ocrx_word' id='word_1_217' title='bbox 2036 2932 2073 2976; x_wconf 83' lang='grc'><strong>«</strong></span> <span class='ocrx_word' id='word_1_218' title='bbox 2105 2909 2353 2976; x_wconf 88' lang='lat' dir='ltr'>factum</span> <span class='ocrx_word' id='word_1_219' title='bbox 2379 2916 2476 2975; x_wconf 89' lang='lat' dir='ltr'>est</span> <span class='ocrx_word' id='word_1_220' title='bbox 2510 2933 2546 2973; x_wconf 83' lang='lat'><strong>»</strong></span> <span class='ocrx_word' id='word_1_221' title='bbox 2574 2931 2707 2976; x_wconf 91' lang='lat' dir='ltr'>non</span> <span class='ocrx_word' id='word_1_222' title='bbox 2738 2918 3113 2997; x_wconf 84' lang='lat' dir='ltr'>separatur,</span> 
     </span>
     <span class='ocr_line' id='line_1_24' title="bbox 753 3012 3111 3099; baseline 0.001 -20"><span class='ocrx_word' id='word_1_223' title='bbox 753 3034 876 3079; x_wconf 90' lang='lat' dir='ltr'>nec</span> <span class='ocrx_word' id='word_1_224' title='bbox 921 3013 990 3078; x_wconf 92' lang='lat' dir='ltr'>id</span> <span class='ocrx_word' id='word_1_225' title='bbox 1035 3013 1204 3099; x_wconf 91' lang='lat' dir='ltr'>quod</span> <span class='ocrx_word' id='word_1_226' title='bbox 1263 3016 1647 3099; x_wconf 88' lang='lat' dir='ltr'>agnoscitur</span> <span class='ocrx_word' id='word_1_227' title='bbox 1688 3013 1983 3078; x_wconf 92' lang='lat' dir='ltr'>Verbum</span> <span class='ocrx_word' id='word_1_228' title='bbox 2028 3012 2115 3077; x_wconf 87' lang='lat' dir='ltr'>ab</span> <span class='ocrx_word' id='word_1_229' title='bbox 2160 3034 2239 3077; x_wconf 86' lang='lat' dir='ltr'>eo</span> <span class='ocrx_word' id='word_1_230' title='bbox 2286 3012 2453 3097; x_wconf 89' lang='lat' dir='ltr'>quod</span> <span class='ocrx_word' id='word_1_231' title='bbox 2501 3015 2715 3079; x_wconf 90' lang='lat' dir='ltr'>visum</span> <span class='ocrx_word' id='word_1_232' title='bbox 2775 3020 2876 3078; x_wconf 89' lang='lat' dir='ltr'>est</span> <span class='ocrx_word' id='word_1_233' title='bbox 2930 3034 3111 3093; x_wconf 82' lang='lat' dir='ltr'>carc,</span> 
     </span>
     <span class='ocr_line' id='line_1_25' title="bbox 753 3115 3215 3198; baseline -0.001 -17"><span class='ocrx_word' id='word_1_234' title='bbox 753 3134 877 3181; x_wconf 90' lang='lat' dir='ltr'>nec</span> <span class='ocrx_word' id='word_1_235' title='bbox 922 3122 1246 3181; x_wconf 89' lang='lat' dir='ltr'>secretum</span> <span class='ocrx_word' id='word_1_236' title='bbox 1291 3120 1432 3182; x_wconf 89' lang='lat' dir='ltr'>eius</span> <span class='ocrx_word' id='word_1_237' title='bbox 1477 3136 1517 3181; x_wconf 90' lang='lat' dir='ltr'>a</span> <span class='ocrx_word' id='word_1_238' title='bbox 1565 3116 1971 3181; x_wconf 86' lang='lat' dir='ltr'>revelatione</span> <span class='ocrx_word' id='word_1_239' title='bbox 2018 3118 2178 3198; x_wconf 76' lang='lat' dir='ltr'>eiuS,</span> <span class='ocrx_word' id='word_1_240' title='bbox 2226 3136 2350 3180; x_wconf 90' lang='lat' dir='ltr'>nec</span> <span class='ocrx_word' id='word_1_241' title='bbox 2397 3115 2710 3181; x_wconf 90' lang='lat' dir='ltr'>divinitas</span> <span class='ocrx_word' id='word_1_242' title='bbox 2742 3115 2827 3180; x_wconf 91' lang='lat' dir='ltr'>ab</span> <span class='ocrx_word' id='word_1_243' title='bbox 2874 3116 3111 3185; x_wconf 86' lang='lat' dir='ltr'>huma-</span> <span class='ocrx_word' id='word_1_244' title='bbox 3161 3134 3215 3179; x_wconf 67' lang='lat'><strong>5</strong></span> 
     </span>
     <span class='ocr_line' id='line_1_26' title="bbox 753 3217 3105 3303; baseline 0.001 -20"><span class='ocrx_word' id='word_1_245' title='bbox 753 3221 962 3283; x_wconf 90' lang='lat' dir='ltr'>nitate</span> <span class='ocrx_word' id='word_1_246' title='bbox 1009 3222 1168 3301; x_wconf 90' lang='lat' dir='ltr'>eius,</span> <span class='ocrx_word' id='word_1_247' title='bbox 1201 3239 1325 3284; x_wconf 89' lang='lat' dir='ltr'>nec</span> <span class='ocrx_word' id='word_1_248' title='bbox 1370 3220 1731 3285; x_wconf 87' lang='lat' dir='ltr'>aeternitas</span> <span class='ocrx_word' id='word_1_249' title='bbox 1776 3219 1861 3284; x_wconf 91' lang='lat' dir='ltr'>ab</span> <span class='ocrx_word' id='word_1_250' title='bbox 1906 3238 1987 3283; x_wconf 90' lang='lat' dir='ltr'>eo</span> <span class='ocrx_word' id='word_1_251' title='bbox 2018 3217 2185 3303; x_wconf 91' lang='lat' dir='ltr'>quod</span> <span class='ocrx_word' id='word_1_252' title='bbox 2232 3218 2351 3282; x_wconf 89' lang='lat' dir='ltr'>sub</span> <span class='ocrx_word' id='word_1_253' title='bbox 2382 3224 2673 3302; x_wconf 88' lang='lat' dir='ltr'>tempore</span> <span class='ocrx_word' id='word_1_254' title='bbox 2706 3217 2956 3285; x_wconf 87' lang='lat' dir='ltr'>factum</span> <span class='ocrx_word' id='word_1_255' title='bbox 2988 3226 3105 3290; x_wconf 83' lang='lat' dir='ltr'>est.</span> 
     </span>
     <span class='ocr_line' id='line_1_27' title="bbox 753 3318 3109 3405; baseline 0 -19"><span class='ocrx_word' id='word_1_256' title='bbox 753 3321 1015 3387; x_wconf 89' lang='lat' dir='ltr'>Etenim</span> <span class='ocrx_word' id='word_1_257' title='bbox 1059 3324 1119 3386; x_wconf 90' lang='lat' dir='ltr'>si</span> <span class='ocrx_word' id='word_1_258' title='bbox 1163 3322 1357 3387; x_wconf 91' lang='lat' dir='ltr'>homo</span> <span class='ocrx_word' id='word_1_259' title='bbox 1402 3324 1473 3386; x_wconf 91' lang='lat' dir='ltr'>in</span> <span class='ocrx_word' id='word_1_260' title='bbox 1504 3322 1785 3405; x_wconf 85' lang='lat' dir='ltr'>Virgine</span> <span class='ocrx_word' id='word_1_261' title='bbox 1817 3320 2029 3385; x_wconf 90' lang='lat' dir='ltr'>factus</span> <span class='ocrx_word' id='word_1_262' title='bbox 2052 3325 2222 3385; x_wconf 89' lang='lat' dir='ltr'>esset</span> <span class='ocrx_word' id='word_1_263' title='bbox 2249 3325 2598 3403; x_wconf 85' lang='lat' dir='ltr'>antequam</span> <span class='ocrx_word' id='word_1_264' title='bbox 2624 3318 2917 3387; x_wconf 86' lang='lat' dir='ltr'>Verbum</span> <span class='ocrx_word' id='word_1_265' title='bbox 2950 3342 3109 3387; x_wconf 87' lang='lat' dir='ltr'>caro</span> 
     </span>
     <span class='ocr_line' id='line_1_28' title="bbox 753 3420 3109 3507; baseline 0 -18"><span class='ocrx_word' id='word_1_266' title='bbox 753 3428 823 3489; x_wconf 92' lang='lat' dir='ltr'>in</span> <span class='ocrx_word' id='word_1_267' title='bbox 869 3444 950 3490; x_wconf 88' lang='lat' dir='ltr'>ea</span> <span class='ocrx_word' id='word_1_268' title='bbox 996 3422 1202 3507; x_wconf 84' lang='lat' dir='ltr'>fieret,</span> <span class='ocrx_word' id='word_1_269' title='bbox 1252 3430 1317 3489; x_wconf 90' lang='lat' dir='ltr'>et</span> <span class='ocrx_word' id='word_1_270' title='bbox 1364 3426 1628 3507; x_wconf 87' lang='lat' dir='ltr'>agnitus</span> <span class='ocrx_word' id='word_1_271' title='bbox 1673 3428 1845 3488; x_wconf 89' lang='lat' dir='ltr'>esset</span> <span class='ocrx_word' id='word_1_272' title='bbox 1891 3422 1999 3487; x_wconf 89' lang='lat' dir='ltr'>hic</span> <span class='ocrx_word' id='word_1_273' title='bbox 2046 3422 2215 3487; x_wconf 89' lang='lat' dir='ltr'>alius</span> <span class='ocrx_word' id='word_1_274' title='bbox 2260 3442 2300 3487; x_wconf 91' lang='lat' dir='ltr'>a</span> <span class='ocrx_word' id='word_1_275' title='bbox 2362 3422 2605 3505; x_wconf 88' lang='lat' dir='ltr'>Verbo,</span> <span class='ocrx_word' id='word_1_276' title='bbox 2655 3420 2881 3488; x_wconf 85' lang='lat' dir='ltr'>forsan</span> <span class='ocrx_word' id='word_1_277' title='bbox 2934 3427 3109 3491; x_wconf 90' lang='lat' dir='ltr'>ratio</span> 
     </span>
     <span class='ocr_line' id='line_1_29' title="bbox 753 3522 3108 3608; baseline 0 -18"><span class='ocrx_word' id='word_1_278' title='bbox 753 3525 1011 3591; x_wconf 87' lang='lat' dir='ltr'>adesset</span> <span class='ocrx_word' id='word_1_279' title='bbox 1056 3527 1461 3590; x_wconf 88' lang='lat' dir='ltr'>contrarium</span> <span class='ocrx_word' id='word_1_280' title='bbox 1507 3523 1861 3608; x_wconf 89' lang='lat' dir='ltr'>cogitandi,</span> <span class='ocrx_word' id='word_1_281' title='bbox 1910 3528 1993 3605; x_wconf 91' lang='lat' dir='ltr'>et,</span> <span class='ocrx_word' id='word_1_282' title='bbox 2044 3522 2187 3589; x_wconf 93' lang='lat' dir='ltr'>loco</span> <span class='ocrx_word' id='word_1_283' title='bbox 2232 3526 2444 3605; x_wconf 80' lang='lat' dir='ltr'>uniuS,</span> <span class='ocrx_word' id='word_1_284' title='bbox 2488 3524 2913 3590; x_wconf 81' lang='lat' dir='ltr'>existimandi</span> <span class='ocrx_word' id='word_1_285' title='bbox 2960 3546 3108 3591; x_wconf 90' lang='lat' dir='ltr'>eum</span> 
     </span>
     <span class='ocr_line' id='line_1_30' title="bbox 753 3624 3204 3712; baseline 0.002 -21"><span class='ocrx_word' id='word_1_286' title='bbox 753 3630 862 3712; x_wconf 89' lang='lat' dir='ltr'>qui</span> <span class='ocrx_word' id='word_1_287' title='bbox 907 3630 978 3691; x_wconf 89' lang='lat' dir='ltr'>in</span> <span class='ocrx_word' id='word_1_288' title='bbox 1023 3627 1303 3711; x_wconf 87' lang='lat' dir='ltr'>Virgine</span> <span class='ocrx_word' id='word_1_289' title='bbox 1351 3633 1700 3711; x_wconf 90' lang='lat' dir='ltr'>conceptus</span> <span class='ocrx_word' id='word_1_290' title='bbox 1746 3633 1863 3708; x_wconf 90' lang='lat' dir='ltr'>est,</span> <span class='ocrx_word' id='word_1_291' title='bbox 1912 3646 2055 3690; x_wconf 90' lang='lat' dir='ltr'>esse</span> <span class='ocrx_word' id='word_1_292' title='bbox 2103 3624 2249 3690; x_wconf 90' lang='lat' dir='ltr'>duo.</span> <span class='ocrx_word' id='word_1_293' title='bbox 2284 3624 2470 3691; x_wconf 88' lang='lat' dir='ltr'>Nunc</span> <span class='ocrx_word' id='word_1_294' title='bbox 2504 3631 2743 3709; x_wconf 89' lang='lat' dir='ltr'>autem,</span> <span class='ocrx_word' id='word_1_295' title='bbox 2778 3646 2929 3691; x_wconf 90' lang='lat' dir='ltr'>cum</span> <span class='ocrx_word' id='word_1_296' title='bbox 2960 3630 3103 3693; x_wconf 83' lang='lat' dir='ltr'>exi-</span> <span class='ocrx_word' id='word_1_297' title='bbox 3152 3648 3204 3695; x_wconf 74' lang='grc' dir='ltr'><em>ω</em></span> 
     </span>
     <span class='ocr_line' id='line_1_31' title="bbox 752 3725 3111 3813; baseline 0.001 -20"><span class='ocrx_word' id='word_1_298' title='bbox 752 3732 1006 3793; x_wconf 90' lang='lat' dir='ltr'>nanitio</span> <span class='ocrx_word' id='word_1_299' title='bbox 1052 3732 1233 3813; x_wconf 88' lang='lat' dir='ltr'>prius</span> <span class='ocrx_word' id='word_1_300' title='bbox 1278 3730 1577 3793; x_wconf 87' lang='lat' dir='ltr'>evenerit</span> <span class='ocrx_word' id='word_1_301' title='bbox 1623 3733 1688 3792; x_wconf 91' lang='lat' dir='ltr'>et</span> <span class='ocrx_word' id='word_1_302' title='bbox 1735 3727 1969 3792; x_wconf 91' lang='lat' dir='ltr'>deinde</span> <span class='ocrx_word' id='word_1_303' title='bbox 2020 3747 2057 3791; x_wconf 82' lang='grc'><strong>«</strong></span> <span class='ocrx_word' id='word_1_304' title='bbox 2090 3725 2238 3791; x_wconf 87' lang='lat' dir='ltr'>fieri</span> <span class='ocrx_word' id='word_1_305' title='bbox 2271 3748 2330 3810; x_wconf 72' lang='lat'>2»,</span> <span class='ocrx_word' id='word_1_306' title='bbox 2380 3730 2489 3811; x_wconf 87' lang='lat' dir='ltr'>qui</span> <span class='ocrx_word' id='word_1_307' title='bbox 2536 3730 2710 3793; x_wconf 90' lang='lat' dir='ltr'>enim</span> <span class='ocrx_word' id='word_1_308' title='bbox 2758 3748 2829 3792; x_wconf 89' lang='lat' dir='ltr'>se</span> <span class='ocrx_word' id='word_1_309' title='bbox 2876 3732 3111 3797; x_wconf 81' lang='lat' dir='ltr'>exina-</span> 
     </span>
     <span class='ocr_line' id='line_1_32' title="bbox 755 3829 3109 3919; baseline 0 -25"><span class='ocrx_word' id='word_1_310' title='bbox 755 3832 924 3894; x_wconf 89' lang='lat' dir='ltr'>nivit</span> <span class='ocrx_word' id='word_1_311' title='bbox 969 3830 1180 3894; x_wconf 91' lang='lat' dir='ltr'>factus</span> <span class='ocrx_word' id='word_1_312' title='bbox 1211 3836 1328 3913; x_wconf 87' lang='lat' dir='ltr'>est,</span> <span class='ocrx_word' id='word_1_313' title='bbox 1376 3836 1441 3895; x_wconf 91' lang='lat' dir='ltr'>et</span> <span class='ocrx_word' id='word_1_314' title='bbox 1488 3833 1596 3914; x_wconf 93' lang='lat' dir='ltr'>qui</span> <span class='ocrx_word' id='word_1_315' title='bbox 1641 3836 1741 3894; x_wconf 91' lang='lat' dir='ltr'>est</span> <span class='ocrx_word' id='word_1_316' title='bbox 1786 3850 1855 3894; x_wconf 88' lang='lat' dir='ltr'>se</span> <span class='ocrx_word' id='word_1_317' title='bbox 1904 3832 2292 3912; x_wconf 83' lang='lat' dir='ltr'>exinanivit,</span> <span class='ocrx_word' id='word_1_318' title='bbox 2318 3829 2651 3914; x_wconf 89' lang='lat' dir='ltr'>plenitudo</span> <span class='ocrx_word' id='word_1_319' title='bbox 2682 3830 2892 3895; x_wconf 91' lang='lat' dir='ltr'>Verbi</span> <span class='ocrx_word' id='word_1_320' title='bbox 2925 3850 3109 3919; x_wconf 85' lang='lat' dir='ltr'>sepa-</span> 
     </span>
     <span class='ocr_line' id='line_1_33' title="bbox 755 3930 3101 4015; baseline 0 -18"><span class='ocrx_word' id='word_1_321' title='bbox 755 3931 966 3997; x_wconf 90' lang='lat' dir='ltr'>randa</span> <span class='ocrx_word' id='word_1_322' title='bbox 1011 3952 1144 3997; x_wconf 90' lang='lat' dir='ltr'>non</span> <span class='ocrx_word' id='word_1_323' title='bbox 1191 3938 1289 3997; x_wconf 88' lang='lat' dir='ltr'>est</span> <span class='ocrx_word' id='word_1_324' title='bbox 1335 3934 1418 3997; x_wconf 87' lang='lat' dir='ltr'>ab</span> <span class='ocrx_word' id='word_1_325' title='bbox 1451 3935 1901 3997; x_wconf 83' lang='lat' dir='ltr'>exinanitione</span> <span class='ocrx_word' id='word_1_326' title='bbox 1935 3935 2095 4015; x_wconf 75' lang='lat' dir='ltr'>eiuS,</span> <span class='ocrx_word' id='word_1_327' title='bbox 2122 3952 2244 3997; x_wconf 91' lang='lat' dir='ltr'>nec</span> <span class='ocrx_word' id='word_1_328' title='bbox 2277 3933 2561 3995; x_wconf 88' lang='lat' dir='ltr'>essentia</span> <span class='ocrx_word' id='word_1_329' title='bbox 2586 3934 2728 3995; x_wconf 91' lang='lat' dir='ltr'>eius</span> <span class='ocrx_word' id='word_1_330' title='bbox 2760 3953 2800 3996; x_wconf 90' lang='lat' dir='ltr'>a</span> <span class='ocrx_word' id='word_1_331' title='bbox 2836 3955 2873 3995; x_wconf 83' lang='lat'><strong>«</strong></span> <span class='ocrx_word' id='word_1_332' title='bbox 2896 3930 3043 4001; x_wconf 85' lang='lat' dir='ltr'>fieri</span> <span class='ocrx_word' id='word_1_333' title='bbox 3067 3954 3101 3997; x_wconf 83' lang='lat'><strong>»</strong></span> 
     </span>
     <span class='ocr_line' id='line_1_34' title="bbox 754 4033 3101 4117; baseline 0.001 -18"><span class='ocrx_word' id='word_1_334' title='bbox 754 4038 930 4111; x_wconf 90' lang='lat' dir='ltr'>eius;</span> <span class='ocrx_word' id='word_1_335' title='bbox 977 4054 1112 4099; x_wconf 91' lang='lat' dir='ltr'>non</span> <span class='ocrx_word' id='word_1_336' title='bbox 1158 4038 1333 4098; x_wconf 88' lang='lat' dir='ltr'>enim</span> <span class='ocrx_word' id='word_1_337' title='bbox 1379 4034 1664 4099; x_wconf 86' lang='lat' dir='ltr'>formata</span> <span class='ocrx_word' id='word_1_338' title='bbox 1711 4040 1810 4099; x_wconf 91' lang='lat' dir='ltr'>est</span> <span class='ocrx_word' id='word_1_339' title='bbox 1841 4054 2017 4117; x_wconf 85' lang='lat' dir='ltr'>care,</span> <span class='ocrx_word' id='word_1_340' title='bbox 2054 4040 2121 4100; x_wconf 89' lang='lat' dir='ltr'>et</span> <span class='ocrx_word' id='word_1_341' title='bbox 2149 4034 2382 4099; x_wconf 88' lang='lat' dir='ltr'>deinde</span> <span class='ocrx_word' id='word_1_342' title='bbox 2413 4033 2708 4099; x_wconf 88' lang='lat' dir='ltr'>Verbum</span> <span class='ocrx_word' id='word_1_343' title='bbox 2742 4034 3101 4113; x_wconf 88' lang='lat' dir='ltr'>habitavit;</span> 
     </span>
     <span class='ocr_line' id='line_1_35' title="bbox 753 4135 3204 4226; baseline -0 -22"><span class='ocrx_word' id='word_1_344' title='bbox 753 4158 876 4204; x_wconf 90' lang='lat' dir='ltr'>nec</span> <span class='ocrx_word' id='word_1_345' title='bbox 921 4140 1164 4221; x_wconf 90' lang='lat' dir='ltr'>incepit</span> <span class='ocrx_word' id='word_1_346' title='bbox 1207 4135 1460 4226; x_wconf 88' lang='lat' dir='ltr'>[aliquis</span> <span class='ocrx_word' id='word_1_347' title='bbox 1505 4140 1613 4221; x_wconf 85' lang='lat' dir='ltr'>qui</span> <span class='ocrx_word' id='word_1_348' title='bbox 1659 4137 1780 4200; x_wconf 89' lang='lat' dir='ltr'>sub</span> <span class='ocrx_word' id='word_1_349' title='bbox 1840 4140 2132 4221; x_wconf 88' lang='lat' dir='ltr'>tempore</span> <span class='ocrx_word' id='word_1_350' title='bbox 2180 4139 2284 4220; x_wconf 89' lang='lat' dir='ltr'>sit,</span> <span class='ocrx_word' id='word_1_351' title='bbox 2333 4142 2398 4200; x_wconf 93' lang='lat' dir='ltr'>et</span> <span class='ocrx_word' id='word_1_352' title='bbox 2452 4135 2706 4219; x_wconf 88' lang='lat' dir='ltr'>deinde,</span> <span class='ocrx_word' id='word_1_353' title='bbox 2770 4136 3106 4205; x_wconf 86' lang='lat' dir='ltr'>descendit</span> <span class='ocrx_word' id='word_1_354' title='bbox 3154 4154 3204 4203; x_wconf 65' lang='grc' dir='ltr'><strong><em>π</em></strong></span> 
     </span>
     <span class='ocr_line' id='line_1_36' title="bbox 755 4238 3109 4324; baseline 0 -20"><span class='ocrx_word' id='word_1_355' title='bbox 755 4242 864 4324; x_wconf 91' lang='lat' dir='ltr'>qui</span> <span class='ocrx_word' id='word_1_356' title='bbox 909 4246 1007 4304; x_wconf 92' lang='lat' dir='ltr'>est</span> <span class='ocrx_word' id='word_1_357' title='bbox 1051 4258 1250 4323; x_wconf 85' lang='lat' dir='ltr'>supra</span> <span class='ocrx_word' id='word_1_358' title='bbox 1280 4244 1610 4323; x_wconf 88' lang='lat' dir='ltr'>tempora;</span> <span class='ocrx_word' id='word_1_359' title='bbox 1657 4258 1783 4303; x_wconf 89' lang='lat' dir='ltr'>nec</span> <span class='ocrx_word' id='word_1_360' title='bbox 1827 4238 2093 4302; x_wconf 89' lang='lat' dir='ltr'>humilis</span> <span class='ocrx_word' id='word_1_361' title='bbox 2125 4240 2389 4321; x_wconf 90' lang='lat' dir='ltr'>agnitus</span> <span class='ocrx_word' id='word_1_362' title='bbox 2420 4243 2538 4320; x_wconf 88' lang='lat' dir='ltr'>est,</span> <span class='ocrx_word' id='word_1_363' title='bbox 2571 4243 2637 4302; x_wconf 92' lang='lat' dir='ltr'>et</span> <span class='ocrx_word' id='word_1_364' title='bbox 2668 4244 2895 4322; x_wconf 88' lang='lat' dir='ltr'>postea</span> <span class='ocrx_word' id='word_1_365' title='bbox 2928 4242 3109 4305; x_wconf 88' lang='lat' dir='ltr'>venit</span> 
     </span>
     <span class='ocr_line' id='line_1_37' title="bbox 756 4340 3105 4425; baseline -0.001 -18"><span class='ocrx_word' id='word_1_366' title='bbox 756 4342 839 4407; x_wconf 91' lang='lat' dir='ltr'>ab</span> <span class='ocrx_word' id='word_1_367' title='bbox 886 4342 1166 4406; x_wconf 81' lang='lat' dir='ltr'>excelsis</span> <span class='ocrx_word' id='word_1_368' title='bbox 1212 4344 1319 4425; x_wconf 91' lang='lat' dir='ltr'>qui</span> <span class='ocrx_word' id='word_1_369' title='bbox 1365 4361 1514 4405; x_wconf 91' lang='lat' dir='ltr'>eum</span> <span class='ocrx_word' id='word_1_370' title='bbox 1569 4340 1930 4416; x_wconf 83' lang='lat' dir='ltr'>exaltaret3</span> <span class='ocrx_word' id='word_1_371' title='bbox 1996 4359 2119 4405; x_wconf 92' lang='lat' dir='ltr'>nec</span> <span class='ocrx_word' id='word_1_372' title='bbox 2178 4340 2392 4405; x_wconf 85' lang='lat' dir='ltr'>foetus</span> <span class='ocrx_word' id='word_1_373' title='bbox 2454 4344 2821 4424; x_wconf 89' lang='lat' dir='ltr'>assumptus</span> <span class='ocrx_word' id='word_1_374' title='bbox 2876 4347 2976 4405; x_wconf 87' lang='lat' dir='ltr'>est</span> <span class='ocrx_word' id='word_1_375' title='bbox 3022 4362 3105 4409; x_wconf 81' lang='lat' dir='ltr'>ex</span> 
     </span>
     <span class='ocr_line' id='line_1_38' title="bbox 754 4440 3104 4526; baseline 0 -20"><span class='ocrx_word' id='word_1_376' title='bbox 754 4442 1057 4525; x_wconf 88' lang='lat' dir='ltr'>Virgine,</span> <span class='ocrx_word' id='word_1_377' title='bbox 1107 4447 1171 4506; x_wconf 89' lang='lat' dir='ltr'>et</span> <span class='ocrx_word' id='word_1_378' title='bbox 1217 4441 1450 4506; x_wconf 90' lang='lat' dir='ltr'>deinde</span> <span class='ocrx_word' id='word_1_379' title='bbox 1497 4442 1727 4506; x_wconf 91' lang='lat' dir='ltr'>Virtus</span> <span class='ocrx_word' id='word_1_380' title='bbox 1757 4440 2077 4505; x_wconf 88' lang='lat' dir='ltr'>Altissimi</span> <span class='ocrx_word' id='word_1_381' title='bbox 2108 4444 2178 4505; x_wconf 92' lang='lat' dir='ltr'>in</span> <span class='ocrx_word' id='word_1_382' title='bbox 2210 4461 2289 4505; x_wconf 93' lang='lat' dir='ltr'>eo</span> <span class='ocrx_word' id='word_1_383' title='bbox 2322 4444 2593 4517; x_wconf 88' lang='lat' dir='ltr'>mansit;</span> <span class='ocrx_word' id='word_1_384' title='bbox 2642 4461 2854 4526; x_wconf 90' lang='lat' dir='ltr'>neque</span> <span class='ocrx_word' id='word_1_385' title='bbox 2886 4442 3104 4511; x_wconf 64' lang='lat' dir='ltr'>infans</span> 
     </span>
     <span class='ocr_line' id='line_1_39' title="bbox 753 4542 3105 4628; baseline 0.001 -20"><span class='ocrx_word' id='word_1_386' title='bbox 753 4543 1076 4608; x_wconf 86' lang='lat' dir='ltr'>formatus</span> <span class='ocrx_word' id='word_1_387' title='bbox 1121 4548 1251 4620; x_wconf 87' lang='lat' dir='ltr'>est;</span> <span class='ocrx_word' id='word_1_388' title='bbox 1301 4563 1508 4628; x_wconf 91' lang='lat' dir='ltr'>neque</span> <span class='ocrx_word' id='word_1_389' title='bbox 1557 4562 1715 4608; x_wconf 89' lang='lat' dir='ltr'>caro</span> <span class='ocrx_word' id='word_1_390' title='bbox 1776 4543 1994 4607; x_wconf 89' lang='lat' dir='ltr'>aliena</span> <span class='ocrx_word' id='word_1_391' title='bbox 2040 4542 2362 4627; x_wconf 88' lang='lat' dir='ltr'>plasmata</span> <span class='ocrx_word' id='word_1_392' title='bbox 2416 4549 2547 4619; x_wconf 91' lang='lat' dir='ltr'>est;</span> <span class='ocrx_word' id='word_1_393' title='bbox 2598 4562 2809 4627; x_wconf 88' lang='lat' dir='ltr'>neque</span> <span class='ocrx_word' id='word_1_394' title='bbox 2880 4546 3105 4628; x_wconf 82' lang='lat' dir='ltr'>agnita</span> 
     </span>
    </p>
   </div>
  </div>
 </body>
</html>
