3400 5642
510 2209 571 2266 p.
594 2194 713 2251 ¹57.

1721 512 2168 598 «(118)»

774 655 881 722 his
908 656 1131 722 verbis
1168 655 1387 722 docuit
1432 655 1557 721 has
1584 660 1932 722 creaturas
1979 675 2066 720 ex
2109 654 2320 721 nihilo
2357 653 2570 720 factas
2612 674 2774 719 esse.
2809 655 2934 720 Ubi
2963 671 3128 720 vero

774 757 943 824 dixit
982 756 1034 822 ¹:
1088 779 1125 822 <
1158 758 1307 824 Fiat
1356 755 1842 824 firmamentum
1871 761 1942 822 in
1996 756 2211 822 medio
2265 777 2602 842 aquarum,
2641 763 2707 822 et
2753 756 2998 822 factum
3029 764 3133 822 est

774 862 869 925 ita
904 881 965 942 ›,
1028 860 1313 927 ostendit
1364 865 1671 926 naturam
1705 859 2019 946 liquidam
2049 859 2292 926 factam
2323 879 2466 924 esse
2498 859 2766 924 densam
2799 864 2864 924 et
2893 859 3132 924 duram

774 961 1095 1046 aliamque
1120 961 1401 1028 formam
1424 961 1735 1045 induisse,
1760 965 1926 1028 sicut
1947 967 2189 1027 natura
2213 959 2608 1026 firmamenti
2645 961 2907 1026 videtur
2943 982 3124 1038 esse;

772 1065 923 1148 quia
968 1070 1195 1129 notum
1240 1069 1339 1128 est
1386 1063 1548 1128 illud
1578 1083 1664 1130 ex
1696 1067 1882 1150 aquis
1913 1063 2288 1129 induratum
2321 1069 2388 1129 et
2417 1063 2883 1129 condensatum
2921 1063 3127 1130 fuisse

772 1171 837 1230 et
882 1165 1193 1232 mandato
1238 1165 1579 1232 Creatoris
1624 1185 1823 1252 supra
1869 1165 2250 1232 altitudines
2293 1166 2532 1232 multas
2577 1168 2854 1250 positum
2899 1165 3129 1251 fuisse,

770 1267 926 1333 licet
949 1287 1036 1333 ex
1058 1274 1301 1334 natura
1330 1271 1524 1352 gravi
1548 1270 2004 1351 constituatur,
2031 1288 2196 1352 quae
2219 1267 2384 1333 solet
2407 1266 2836 1344 descendere;
2864 1273 2930 1332 et
2953 1271 3025 1333 in
3047 1289 3130 1334 eo

770 1368 983 1434 forma
1016 1389 1331 1455 aquarum
1364 1368 1581 1434 adhuc
1604 1368 1869 1435 videtur
1891 1373 2058 1434 sicut
2081 1369 2424 1455 adspectus
2453 1372 2594 1434 eius
2617 1368 2796 1434 clare
2819 1371 3124 1436 ostendit.

859 1471 1075 1538 Etiam
1138 1472 1270 1538 alio
1330 1470 1522 1537 modo
1575 1492 1611 1535 ⁴<
1646 1469 1792 1536 fieri
1826 1494 1862 1536 »
1919 1471 2346 1556 intellegitur,
2409 1471 2668 1557 quando
2723 1491 2957 1557 nempe
3005 1473 3129 1538 ali-

770 1572 923 1658 quid
968 1593 1055 1638 ex
1100 1573 1233 1638 alio
1280 1571 1370 1656 fit,
1419 1573 1535 1638 sed
1580 1572 1934 1638 secundum
1979 1579 2288 1638 naturam
2333 1593 2466 1638 non
2512 1573 2725 1640 simile
2771 1579 2870 1638 est
2899 1573 3000 1638 illi
3037 1595 3128 1641 ex

770 1673 939 1760 quod
982 1675 1229 1742 factum
1274 1683 1406 1742 est:
1457 1675 1994 1761 quemadmodum
2041 1679 2270 1761 pisce&
2319 1683 2384 1742 et
2422 1677 2742 1761 volucres
2775 1683 2842 1742 et
2873 1681 3128 1743 anima-

770 1780 861 1844 lia
910 1781 1152 1862 omnia,
1206 1799 1373 1864 quae
1418 1783 1489 1843 in
1518 1781 1691 1845 mari
1723 1778 2048 1862 habitant,
2095 1799 2184 1844 ex
2215 1783 2400 1864 aquis
2451 1780 2627 1847 facta
2673 1788 2856 1858 sunt;
2905 1802 3130 1867 quem-

771 1880 1117 1947 admodum
1163 1884 1361 1947 etiam
1408 1881 1701 1964 arboreS,
1751 1887 1816 1946 et
1859 1881 2144 1966 plantae,
2191 1887 2257 1946 et
2303 1885 2576 1966 semina,
2633 1888 2699 1948 et
2743 1883 3000 1967 beluae,
3063 1890 3130 1948 et

770 1987 1061 2050 iumenta
1107 2004 1143 2048 e
1191 1991 1373 2049 terra
1419 1983 1595 2050 facta
1642 1990 1812 2048 sunt.
1869 1983 2069 2066 Haec,
2124 1987 2247 2049 etsi
2301 2004 2388 2050 ex
2439 1988 2698 2050 naturis
2748 1986 3130 2070 primordiis

769 2085 947 2152 facta
1007 2092 1176 2169 sunt,
1232 2085 1474 2151 similia
1528 2106 1663 2151 non
1717 2091 1868 2150 sunt
1919 2089 2246 2152 creaturis
2297 2106 2384 2151 ex
2439 2087 2670 2173 quibus
2720 2086 2899 2152 facta
2953 2094 3125 2169 sunt,

770 2190 910 2254 sive
957 2186 1203 2274 *quoad
1249 2187 1551 2270 formam,
1598 2191 1742 2253 sive
1789 2187 2000 2272 quoad
2035 2188 2346 2272 colorem,
2379 2192 2520 2254 sive
2553 2189 2764 2273 quoad
2794 2195 3127 2255 naturam.

768 2289 965 2354 Fiunt
1009 2292 1207 2355 etiam
1254 2310 1341 2354 ex
1386 2293 1633 2356 semine
1680 2296 1748 2354 et
1791 2293 2116 2374 sanguine
2161 2310 2441 2376 corpora
2486 2291 2823 2356 hominum
2864 2298 2932 2356 et
2963 2291 3130 2358 alia-

768 2411 915 2456 rum
942 2394 1325 2477 specierum,
1352 2411 1516 2475 quae
1541 2411 1660 2477 per
1682 2392 1978 2477 copulam
2005 2398 2070 2456 et
2093 2390 2344 2457 fluxum
2367 2393 2706 2458 carnalem
2728 2392 3122 2458 formantur.

859 2493 1165 2576 Rursum,
1215 2494 1347 2559 alio
1392 2493 1582 2559 modo
1633 2515 1669 2557 «
1703 2493 1850 2558 fieri
1875 2517 1912 2558 »
1962 2494 2390 2579 intellegitur,
2438 2498 2547 2580 qui
2590 2514 2724 2560 non
2779 2495 2990 2559 solum
3037 2515 3126 2559 ex

768 2616 841 2660 re
889 2598 1049 2680 ipsa,
1106 2595 1220 2661 sed
1272 2599 1471 2662 etiam
1523 2617 1609 2661 ex
1662 2597 1868 2662 verbo
1927 2596 2303 2682 Scripturae
2365 2601 2814 2682 cognoscitur;
2863 2599 3124 2663 scilicet

768 2717 916 2763 cum
960 2697 1216 2782 aliquiS,
1264 2703 1648 2783 potestatem
1695 2700 1800 2764 vel
1834 2700 2154 2765 honorem
2185 2699 2585 2785 accipiendO,
2618 2698 2690 2763 fit
2721 2700 2891 2783 quod
2921 2705 3122 2765 antea

768 2819 900 2866 non
946 2805 1111 2882 erat,
1160 2806 1231 2865 ut
1278 2803 1334 2865 si
1380 2803 1522 2886 quis
1566 2800 1680 2866 fiat
1727 2821 1851 2866 rex
1899 2808 2012 2866 aut
2056 2801 2190 2866 dux
2237 2807 2351 2868 aut
2397 2802 2680 2886 aliquam
2732 2808 3122 2888 potestatem

767 2903 1137 2968 huiusmodi
1196 2906 1491 2988 recipiat.
1540 2904 1636 2968 Eo
1698 2907 1874 2969 enim
1935 2903 2103 2989 quod
2148 2905 2464 2970 honorem
2528 2907 2782 2990 accipit,
2846 2907 2986 2988 ipse
3049 2903 3123 2967 fit

768 3003 934 3089 quod
982 3009 1179 3070 antea
1222 3026 1357 3072 non
1388 3012 1563 3082 erat3
1600 3006 2136 3090 quemadmodum
2169 3007 2470 3072 Ezechiel
2501 3006 2820 3092 propheta
2851 3006 2932 3071 de
2963 3027 3124 3072 con·

768 3109 1157 3191 gregatione
1203 3107 1431 3172 domus
1461 3109 1661 3174 Iudae
1693 3109 1862 3174 dixit
1893 3109 1953 3173 ²:
1992 3130 2028 3172 «
2061 3109 2236 3173 Tulit
2267 3127 2466 3174 unum
2499 3108 2578 3174 de
2609 3109 2931 3174 leunculis
2959 3112 3120 3192 suis,

766 3215 831 3272 et
875 3208 1131 3272 leonem
1178 3212 1509 3274 constituit
1555 3230 1706 3275 eum
1731 3233 1792 3294 »,
1825 3216 1890 3275 et
1935 3213 2174 3276 iterum
2220 3209 2300 3274 de
2346 3210 2462 3275 illo
2508 3213 2612 3295 qui
2659 3213 2988 3294 regnavit,
3021 3211 3126 3275 di-

764 3312 865 3374 xit
896 3307 954 3374 ³:
1008 3330 1044 3373 ⁴<
1077 3309 1305 3376 Crevit
1366 3332 1534 3376 unus
1588 3311 1667 3377 de
1715 3312 2036 3377 leunculis
2095 3315 2256 3394 eiuS,
2305 3318 2368 3376 et
2430 3311 2644 3377 factus
2703 3318 2800 3377 est
2864 3313 2988 3396 leo,
3051 3321 3122 3378 et

764 3411 990 3478 didicit
1049 3411 1362 3498 praedam
1424 3433 1659 3499 capere
1709 3435 1784 3491 »;
1833 3421 1900 3479 et
1959 3421 2322 3499 utrumque,
2385 3414 2633 3480 scilicet
2684 3436 2720 3478 «
2768 3414 2916 3479 tulit
2963 3437 3000 3480 »
3053 3422 3124 3480 et

767 3536 803 3579 ⁴<
836 3516 1049 3582 factus
1095 3522 1193 3582 est
1226 3540 1286 3599 »,
1335 3518 1454 3582 sub
1502 3538 1633 3584 uno
1678 3539 1874 3583 sensu
1921 3517 2191 3602 colligit.
2443 3521 2452 3529 '

854 3618 1104 3683 Rursus
1136 3618 1376 3684 dicitur
1426 3641 1461 3682 ‹
1494 3619 1621 3684 fuit
1652 3642 1688 3684 »
1739 3641 1825 3684 ex
1857 3623 2130 3704 regione
2160 3621 2270 3684 vel
2299 3621 2442 3686 loco
2475 3620 2712 3705 aliquo,
2761 3621 3120 3686 secundum

765 3741 1013 3786 morem
1044 3727 1109 3786 et
1140 3741 1328 3786 usum
1366 3722 1635 3806 linguae
1682 3723 2057 3805 hebraicae,
2091 3726 2257 3788 sicut
2302 3725 2612 3808 scriptum
2661 3729 2758 3788 est
2785 3723 2840 3788 ⁴:
2895 3744 2931 3786 ‹
2964 3723 3120 3788 Fuit

763 3825 869 3887 vir
899 3843 1069 3888 unus
1112 3823 1192 3888 de
1238 3823 1659 3890 Ramathaim
1707 3825 1970 3909 Dawqe,
2019 3825 2099 3890 de
2144 3829 2362 3891 monte
2409 3825 2726 3910 Ephraim
2759 3846 2832 3901 »3
2881 3831 2948 3892 et
2992 3828 3121 3890 ite-

764 3945 909 3989 rum
942 3925 999 3990 ⁵:
1056 3947 1091 3988 ‹
1116 3925 1389 3991 Factum
1436 3933 1535 3991 est
1564 3929 1634 3991 in
1680 3927 1912 3992 diebus
1940 3927 2231 3992 Indicum
2280 3949 2354 4004 »ς
2411 3934 2477 3994 et
2520 3930 2678 3993 item
2709 3927 2790 3992 de
2821 3929 3120 4012 Baptista

763 4030 1075 4112 scriptum
1107 4035 1204 4092 est
1230 4028 1289 4092 ⁶:
1351 4050 1387 4092 «
1419 4029 1571 4093 Fuit
1616 4029 1812 4094 homo
1859 4032 2094 4094 missus
2125 4049 2164 4094 a
2197 4032 2350 4114 Deo,
2383 4032 2490 4095 cui
2535 4049 2774 4094 nomen
2819 4035 2968 4094 erat
3011 4029 3120 4094 Io-

762 4129 1017 4194 hannes
1063 4152 1121 4194 ›.

851 4231 1156 4315 Rursum,
1190 4233 1323 4298 alio
1356 4233 1546 4298 modo
1582 4255 1617 4297 <
1636 4232 1785 4298 fieri
1803 4256 1838 4298 »
1873 4234 2300 4318 intellegitur,
2320 4237 2428 4319 qui
2459 4255 2546 4300 ex
2575 4235 2876 4320 prodigio
2907 4254 3116 4318 agno—

763 4336 985 4416 scitur,
1035 4334 1569 4418 quemadmodum
1616 4338 1814 4420 virga
1844 4336 2090 4421 Moysis
2121 4335 2296 4401 facta
2329 4343 2427 4402 est
2465 4336 2732 4402 coluber
2763 4342 2828 4400 et
2873 4338 3116 4400 iterum

855 4471 871 4498 ¹
915 4469 1078 4530 Gen..
1114 4482 1152 4530 1.
1188 4469 1243 4522 6.
1271 4498 1339 4508 —
1362 4468 1383 4499 ²
1422 4471 1657 4529 Ezncu..
1692 4484 1821 4532 x1x.
1855 4471 1908 4525 5.
1937 4499 1999 4508 —
2034 4469 2054 4500 ⁸
2084 4471 2317 4532 Ezucn„
2341 4484 2467 4533 xix.
2491 4471 2544 4526 6.
2585 4500 2650 4511 —
2689 4470 2711 4501 ⁴
2749 4470 2771 4524 1
2805 4472 2967 4539 Rey„
2995 4483 3036 4534 ι,
3061 4471 3112 4525 1.

763 4583 830 4596 -
868 4555 891 4586 ⁸
934 4556 1015 4610 Cf.
1061 4555 1131 4610 1v
1170 4559 1326 4626 Rea„
1365 4571 1536 4624 xxm,
1575 4561 1663 4612 22.
1705 4589 1768 4598 -
1809 4558 1833 4589 ⁶
1872 4559 2142 4621 lomim..
2177 4573 2217 4621 1.
2251 4559 2304 4613 6.

3181 1591 3231 1635 10

3179 2100 3230 2145 15

3171 4148 3226 4192 35
