3400 5642
1644 496 1758 572 -n-s(
1807 491 1934 558 126
1983 501 2092 578 >s-

686 654 829 700 esse
875 633 1099 698 verbis
1144 632 1223 698 de
1270 633 1403 698 Deo
1449 636 1519 698 in
1563 633 1808 700 Vetere
1839 635 2256 700 Testamento
2286 637 2564 719 scriptiS,
2613 654 2684 698 se
2731 635 2958 718 procul
2996 655 3035 699 a

686 740 967 802 veritate
1013 735 1355 821 expulsum
1399 743 1465 801 et
1509 739 1581 800 in
1626 757 1696 802 se
1746 757 1976 822 reapse
2025 735 2370 822 adimpleri
2415 735 2575 801 illud
2607 736 2658 800 ¹:
2722 757 2758 801 «
2791 736 3036 801 Stultus

684 840 972 924 loquitur
992 838 1333 904 stultitiam
1356 844 1423 904 et
1452 859 1568 903 cor
1598 841 1742 903 eius
1773 838 2191 904 machinatur
2217 839 2460 903 malum
2494 860 2553 902 ».
2604 838 2828 903 Verba
2861 842 3034 903 enim

686 944 983 1027 superius
1030 940 1231 1006 allata
1278 939 1635 1025 figurativa
1678 946 1850 1024 sunt,
1883 961 2038 1005 nam
2068 941 2163 1004 ibi
2200 961 2330 1005 non
2363 944 2674 1026 seriptum
2705 947 2805 1006 est
2835 941 3038 1005 Deum

686 1042 1051 1108 revelatum
1082 1062 1223 1107 esse
1255 1045 1325 1106 in
1357 1061 1579 1125 carne,
1606 1042 1723 1107 sed
1753 1045 1823 1106 in
1869 1046 2024 1126 igne
2055 1042 2164 1107 vel
2193 1045 2264 1106 in
2297 1042 2562 1125 lumine,
2587 1043 2697 1106 vel
2741 1045 2811 1106 in
2843 1042 3033 1123 nube,
3113 1059 3140 1105 5

684 1143 792 1208 vel
838 1147 907 1208 in
953 1142 1168 1208 forma
1221 1143 1530 1208 humana.
1592 1144 2030 1228 Unaquaeque
2091 1143 2330 1208 harum
2393 1144 2872 1208 revelationum
2915 1142 3038 1207 fuit

684 1244 1039 1310 similitudo
1084 1244 1429 1328 naturaliS,
1476 1265 1609 1310 non
1640 1252 1858 1310 autem
1905 1251 2145 1309 natura
2176 1265 2372 1320 vera;
2423 1247 2574 1329 quia
2620 1265 2738 1328 per
2782 1244 2906 1308 has
2936 1263 3039 1308 re-

686 1347 1049 1412 velationes
1108 1346 1234 1411 hoo
1280 1352 1571 1431 tempore
1634 1350 1895 1412 curavit
1955 1345 2322 1412 doctrinam
2384 1347 2468 1411 ab
2513 1352 2708 1411 extra
2752 1345 3036 1429 tradere,

684 1469 817 1514 non
864 1455 1081 1514 autem
1141 1448 1351 1514 voluit
1395 1452 1465 1512 in
1526 1469 1595 1514 se
1642 1455 1951 1514 naturam
2012 1449 2368 1514 humanam
2429 1448 2644 1514 denuo
2689 1467 2922 1513 creare
2977 1454 3042 1511 et

684 1571 1029 1616 renovare.
1065 1551 1202 1616 Hoc
1234 1555 1409 1616 enim
1440 1554 1794 1616 novissime
1827 1549 2126 1616 effectum
2159 1558 2259 1616 est
2289 1571 2409 1636 per
2429 1551 3036 1615 inhumanationem
3093 1569 3140 1614 10

683 1672 771 1718 ex
793 1651 1092 1737 Virgine.
1118 1654 1201 1718 Et
1226 1657 1375 1738 quia
1398 1659 1536 1719 tota
1574 1653 1742 1718 haee
1765 1653 2164 1737 dispensatio
2185 1673 2350 1718 vera
2387 1658 2486 1718 est
2514 1671 2746 1736 resque
2777 1657 3035 1733 exacta,

684 1775 817 1820 non
864 1760 1081 1819 autem
1128 1775 1246 1839 per
1288 1753 1552 1838 figuran
1584 1761 1649 1819 et
1678 1757 2022 1838 visionem,
2055 1757 2254 1820 etiam
2285 1755 2513 1838 verba,
2545 1755 2776 1838 quihus
2807 1757 3038 1837 agnita

685 1864 801 1940 est,
835 1877 998 1922 vera
1045 1857 1485 1922 existimanda
1531 1863 1700 1922 sunt.
1765 1858 1846 1921 Et
1891 1857 2431 1942 quemadmodum
2481 1859 2796 1921 nativitas
2841 1855 3040 1920 aliter

683 1981 817 2026 non
863 1967 961 2025 est
1007 1960 1417 2044 explicanda,
1465 1963 1559 2025 ita
1604 1981 1728 2026 neo
1775 1981 1812 2024 «
1846 1958 1992 2024 fieri
2026 1982 2084 2024 ».
2141 1960 2418 2043 Etenim,
2465 1965 2539 2024 ut
2584 1958 2852 2024 evidens
2913 1963 3034 2040 est,

683 2063 795 2128 ille
842 2066 951 2148 qui
997 2083 1033 2127 e
1080 2063 1363 2147 Virgine
1421 2070 1617 2128 natus
1660 2068 1778 2145 est,
1827 2065 2009 2148 prius
2053 2066 2123 2126 in
2169 2083 2248 2128 ea
2295 2062 2506 2127 faetus
2553 2067 2652 2126 est
2696 2066 2761 2125 et
2799 2061 3038 2126 deinde
3097 2087 3146 2132 μ’,

685 2185 771 2229 ex
816 2185 896 2230 ea
941 2170 1154 2248 natus,
1202 2170 1286 2247 et,
1336 2167 1503 2229 siout
1537 2167 1848 2249 seriptum
1879 2172 1996 2248 est,
2030 2167 2230 2230 etiam
2259 2168 2438 2228 suxit
2483 2163 2607 2246 lae,
2648 2169 2714 2227 et
2759 2166 3040 2228 eircum-

684 2270 857 2332 cisus
902 2273 1018 2349 est,
1068 2274 1133 2331 et
1181 2271 1413 2351 pannis
1466 2267 1798 2332 involutus
1843 2273 1962 2349 est,
2011 2273 2077 2332 et
2123 2270 2368 2352 positus
2413 2273 2511 2331 est
2557 2269 2627 2331 in
2672 2267 3036 2350 praesepiO,

684 2375 749 2432 et
794 2371 1007 2433 crevit
1052 2371 1122 2432 in
1166 2374 1420 2434 statura
1481 2368 1834 2434 secundum
1881 2389 2170 2451 earnem,
2226 2374 2292 2433 et
2338 2371 2633 2450 esurivit,
2679 2373 2746 2432 et
2805 2369 3035 2450 sitivit,

683 2477 749 2536 et
772 2470 1118 2553 laboravit,
1144 2476 1210 2535 et
1232 2470 1549 2555 fatigatus
1572 2477 1688 2553 est,
1717 2477 1782 2535 et
1811 2475 2182 2554 somniavit,
2209 2477 2274 2536 et
2297 2471 2626 2552 dormivit,
2653 2476 2717 2535 et
2748 2476 3036 2535 maestus

682 2573 826 2655 fuit,
875 2579 939 2637 et
986 2576 1409 2638 contristatus
1454 2579 1570 2657 est,
1634 2580 1701 2638 et
1745 2577 1980 2656 timuit,
2045 2580 2112 2638 et
2158 2575 2456 2639 turbatus
2517 2579 2636 2656 est,
2691 2578 2757 2636 et
2804 2592 3038 2657 appre-
3091 2585 3150 2630 20

683 2676 925 2740 hensus
956 2681 1053 2740 est
1086 2695 1125 2739 a
1158 2673 1677 2759 crucifixoribuS,
1701 2682 1770 2741 et
1799 2681 2001 2761 pavit,
2027 2682 2092 2742 et
2117 2677 2458 2762 despectus
2475 2681 2598 2758 est,
2625 2681 2692 2740 et
2721 2681 3034 2759 spuerunt

680 2781 753 2842 in
797 2776 1034 2842 faeiem
1080 2781 1240 2860 eiuS,
1290 2783 1355 2842 et
1400 2784 1593 2862 caput
1638 2781 1782 2843 eius
1829 2778 2149 2843 arundine
2184 2784 2662 2864 percusserunt,
2711 2783 2776 2842 et
2808 2797 3034 2861 passus

682 2886 779 2944 est
808 2880 1111 2962 verbera,
1146 2885 1229 2962 et,
1264 2879 1804 2964 quemadmodum
1835 2880 2002 2945 dixit
2034 2880 2400 2966 Apostolus,
2453 2900 2490 2945 <
2523 2880 2734 2945 faetus
2765 2885 2864 2944 est
2909 2899 3028 2964 pro

679 2983 869 3046 nobis
914 2982 1328 3047 maledictum
1361 3004 1421 3066 »,
1483 2982 1552 3047 id
1612 2989 1729 3066 est,
1785 3003 2024 3049 revera
2085 2982 2438 3049 crucifixus
2497 2990 2615 3066 est,
2665 3002 2910 3068 passuS,
2967 2988 3032 3046 et

681 3090 991 3149 mortuus.
1044 3085 1125 3148 Et
1171 3086 1321 3169 quia
1367 3105 1612 3170 poenas
1664 3090 1894 3150 contra
1939 3105 2061 3150 nos
2121 3086 2268 3168 lege
2331 3086 2632 3151 decretas
2677 3104 2794 3170 pro
2841 3083 3032 3148 nobis
3087 3094 3146 3138 ’25

680 3186 875 3268 dedit,
910 3189 1115 3271 potuit
1162 3190 1360 3251 etiam
1406 3207 1527 3252 nos
1572 3207 1798 3252 omnes
1844 3207 1884 3252 a
1923 3187 2268 3252 maledieto
2298 3188 2466 3272 legis
2495 3189 2803 3252 liberare.
2851 3185 3030 3250 Haeo

680 3292 919 3372 omnia,
969 3309 1132 3373 quae
1180 3293 1422 3374 scripta
1468 3295 1637 3372 sunt,
1684 3309 1848 3354 vera
1895 3295 2064 3372 sunt,
2097 3296 2164 3354 et
2209 3293 2374 3354 sieut
2419 3290 2730 3374 leguntur
2773 3288 3031 3352 intelle-

683 3391 913 3476 genda.
940 3389 1221 3457 *Eorum
1245 3395 1533 3456 omnium
1559 3395 1838 3476 primum
1863 3397 1960 3456 est
1989 3391 2183 3456 illud:
2217 3413 2253 3457 «
2277 3392 2570 3457 Verbum
2601 3410 2756 3456 caro
2781 3389 3026 3456 factum

680 3499 778 3558 est
804 3516 862 3576 »,
896 3500 961 3559 et
992 3503 1133 3578 post
1166 3497 1385 3559 omnia
1417 3498 1695 3579 positum
1727 3500 1825 3559 est
1863 3494 2068 3559 istud:
2122 3515 2158 3558 <
2191 3495 2492 3559 Christus
2522 3494 2732 3559 faetus
2777 3498 2876 3558 est
2907 3513 3026 3577 pro

679 3597 868 3660 nobis
896 3596 1313 3662 maledictum
1339 3618 1396 3660 ».
1432 3597 1691 3661 Nemini
1721 3597 1875 3664 lieet
1909 3597 2106 3662 aliter
2132 3597 2520 3681 intellegere
2553 3600 2692 3661 sive
2724 3598 3025 3680 primum,
3087 3605 3149 3652 3ο

680 3701 819 3762 sive
864 3699 979 3763 illa
1026 3703 1095 3762 in
1143 3698 1357 3764 medio
1403 3702 1631 3784 posita,
1680 3702 1822 3764 sive
1884 3699 2010 3764 hoo
2067 3721 2102 3762 ‹
2137 3698 2348 3764 factus
2393 3705 2492 3764 est
2537 3698 2952 3763 maledictum
2985 3719 3022 3761 »

680 3805 820 3884 post
851 3807 1071 3865 cetera
1102 3805 1433 3886 seriptum,
1468 3821 1671 3886 eaque
1705 3802 1900 3867 alteri
1930 3802 2224 3866 tribuere
2271 3807 2337 3866 et
2368 3805 2748 3866 existimare
2781 3819 2862 3865 ea
2892 3820 3028 3864 non

679 3904 1007 3985 pertinere
1056 3901 1139 3966 ad
1184 3923 1333 3966 eum
1380 3901 1459 3967 de
1493 3923 1616 3987 quo
1648 3899 1890 3987 scripta
1937 3909 2106 3986 sunt,
2142 3909 2255 3967 aut
2301 3907 2530 3987 putare
2563 3923 2642 3967 ea
2673 3900 3030 3966 seeundum

678 4001 977 4087 figuram,
1012 4010 1124 4069 aut
1155 4005 1589 4089 phantasiam,
1622 4009 1736 4069 aut
1768 4009 2108 4088 visionem,
2143 4010 2256 4070 aut
2288 4007 2738 4090 apparentiam
2767 4009 3025 4068 tantum

676 4104 850 4169 diota
896 4126 1058 4188 esse,
1108 4109 1273 4172 sicut
1320 4107 1434 4171 illa
1482 4127 1645 4190 quae
1694 4106 1774 4172 de
1820 4108 1954 4172 Deo
1999 4110 2070 4172 in
2114 4108 2291 4192 Lege
2339 4113 2402 4172 et
2448 4107 2794 4191 Prophetis
2847 4105 3026 4170 dieta
3084 4118 3150 4163 35

677 4213 841 4271 sunt.
893 4207 1018 4272 Sed
1049 4208 1586 4293 quemadmodum
1632 4209 1781 4273 illa:
1837 4231 1873 4274 ε(
1906 4211 2216 4274 Dominus
2246 4216 2471 4275 noster
2500 4215 2694 4274 natus
2725 4214 2822 4273 est
2849 4231 2909 4291 ³»,
2960 4214 3027 4272 et

682 4331 717 4372 «
750 4313 978 4392 crevit,
1028 4317 1093 4375 et
1139 4315 1433 4395 esurivit,
1482 4318 1547 4376 et
1578 4315 1803 4395 sitivit,
1852 4319 1917 4376 et
1949 4313 2295 4396 laboravit,
2346 4318 2410 4377 et
2441 4312 2758 4396 fatigatus
2805 4318 2922 4395 est,
2961 4317 3028 4375 et

770 4530 787 4558 ¹
827 4529 907 4584 Gr.
945 4532 1145 4594 Prov.,
1180 4545 1263 4594 vl.
1302 4535 1385 4589 14.

2139 5626 2146 5627 a
2329 5621 2334 5626 -
2747 5627 2788 5632 --
2820 5627 2995 5636 -7—
3019 5629 3040 5634 ἡ
3203 5637 3286 5640 -ῄ-
