3400 5642
1631 488 1746 576 4⁴(
1797 489 1926 554 120
1972 493 2084 574 >ffi-

690 635 837 700 dem
882 635 1187 698 existimo
1218 631 1477 697 modum
1506 652 1631 717 quo
1664 633 1836 698 Deus
1869 653 1905 695 «
1937 631 2150 697 faetus
2182 635 2280 696 est
2310 656 2346 690 »
2400 651 2547 696 eum
2593 630 2773 696 nullo
2805 631 3041 696 horum

692 734 1197 821 comparandum
1244 755 1420 812 esse3
1470 737 1621 819 quia
1655 754 1743 799 ex
1773 737 1888 817 eiS,
1921 753 2088 818 quae
2135 739 2521 798 enumerata
2552 739 2722 817 sunt,
2757 734 2890 798 alia
2919 753 3042 818 per

694 842 1117 904 mutationem
1148 835 1309 902 fiunt
1354 836 1601 922 aliquid
1646 837 1844 919 aliud,
1893 837 2027 902 alia
2071 835 2236 901 fiunt
2281 855 2401 921 per
2431 839 2938 921 assumptionem
2971 843 3040 902 at

691 945 831 1006 sine
862 943 1124 1022 unione,
1158 939 1309 1022 alia,
1358 939 1509 1005 licet
1540 938 1790 1025 aliquid
1819 943 2176 1021 assumant,
2209 957 2344 1003 non
2387 941 2723 1021 uniuntur,
2757 939 2890 1004 alia
2922 959 3042 1024 per

692 1042 1093 1106 voluntatem
1122 1046 1374 1106 tantum
1406 1038 1569 1105 fiunt
1600 1039 1752 1124 quid
1781 1059 2004 1123 unum,
2037 1044 2102 1104 et
2135 1039 2268 1104 alia
2299 1059 2418 1124 per
2446 1039 2834 1125 prodigium,
2869 1043 3038 1106 sicut
3117 1054 3144 1098 5

690 1143 927 1210 accidit
956 1148 1191 1228 virgae
1236 1143 1485 1228 Moysis
1513 1163 1677 1228 quae
1724 1146 1797 1209 in
1842 1143 2180 1208 colubrum
2226 1162 2548 1208 conversa
2595 1149 2712 1226 est,
2745 1143 2860 1208 sed
2903 1163 3039 1209 non

687 1267 805 1332 per
850 1249 1373 1332 assumptionem.
1401 1244 1471 1310 Si
1516 1249 1657 1331 quis
1687 1245 1862 1311 dicat
1907 1247 2188 1330 vir-,qam
2233 1247 2312 1310 in
2341 1247 2710 1312 colubrum
2757 1261 3037 1313 versam

688 1369 831 1417 esse
874 1369 993 1434 per
1036 1351 1495 1416 mutationem:
1544 1369 1718 1432 eece,
1751 1351 1952 1414 etiam
1997 1354 2334 1433 postquam
2378 1347 2557 1414 facta
2603 1355 2703 1415 est
2747 1350 3038 1432 coluber,

688 1451 903 1536 Moysi
930 1454 1127 1534 virga
1150 1471 1291 1515 esse
1322 1449 1689 1533 videbatur,
1717 1471 1988 1535 eamque
2019 1450 2285 1516 videbat
2315 1471 2458 1516 esse
2480 1453 2744 1535 virgam
2769 1457 2834 1516 et
2857 1452 3036 1517 colu·

687 1554 898 1634 brum,
924 1571 1057 1617 non
1081 1550 1337 1637 quidem
1360 1571 1479 1636 per
1500 1551 1663 1618 duas
1684 1555 1954 1637 specieS‚
1979 1552 2092 1618 sed
2117 1571 2236 1637 per
2256 1571 2476 1635 unam,
2495 1556 2645 1637 quia
2669 1559 2814 1618 erat
2838 1557 3034 1638 virga
3091 1565 3142 1610 1⁰

688 1654 1039 1720 secundum
1100 1661 1405 1719 naturam
1458 1660 1524 1718 et
1576 1654 1846 1720 coluber
1896 1653 2252 1720 secundum
2305 1654 2693 1739 prodigium.
2729 1655 3037 1738 Rursum,

688 1775 833 1821 oum
894 1755 1069 1820 facta
1116 1762 1214 1820 est
1274 1755 1559 1838 coluber,
1622 1758 1718 1820 ita
1778 1775 1910 1820 non
1971 1761 2070 1820 est
2130 1758 2360 1840 agnita
2421 1776 2500 1821 eo
2563 1756 2732 1841 quod
2793 1756 3039 1841 aliquid

690 1879 776 1922 ex
822 1858 1089 1923 colubro
1134 1861 1513 1942 sumpserit;
1576 1878 1699 1924 neo
1747 1861 1912 1923 sicut
1957 1857 2252 1923 Verbum
2311 1858 2556 1924 factum
2603 1865 2702 1924 est
2745 1877 2906 1924 caro
2953 1881 3038 1924 ex

688 1980 889 2026 earne
936 1960 1242 2043 humana,
1290 1960 1561 2025 coluber
1604 1963 1805 2025 etiam
1850 1959 2063 2024 faetus
2108 1965 2206 2025 est
2252 1981 2338 2025 ex
2384 1961 2518 2026 alio
2563 1961 2850 2027 colubro.
2913 1960 3038 2026 Sed

688 2059 984 2127 effectum
1039 2067 1137 2128 est
1196 2065 1395 2128 etiam
1456 2061 1826 2147 prodigium
1888 2061 2424 2146 quemadmodum
2478 2062 2664 2128 decet
2723 2067 3035 2128 virtutem
3092 2077 3142 2122 15

688 2165 821 2228 Dei.
856 2164 1021 2228 Nam
1052 2166 1247 2248 virga
1278 2162 1454 2229 faeta
1486 2169 1585 2228 est
1616 2163 1886 2229 coluber
1915 2183 2036 2248 per
2064 2164 2434 2249 prodigium
2467 2171 2532 2230 et
2562 2169 2760 2249 virga
2797 2169 3037 2230 mansu

688 2265 1041 2331 seeundum
1084 2271 1393 2330 naturam
1437 2287 1664 2342 suam;
1717 2265 2254 2351 quemadmodum
2299 2269 2499 2332 etiam
2545 2287 2716 2352 aqua
2761 2268 2854 2332 ibi
2887 2288 3036 2333 san-

688 2370 837 2452 guis
878 2367 1055 2432 facta
1102 2375 1218 2450 est,
1268 2372 1334 2432 et
1380 2387 1566 2452 aqua,
1622 2371 1788 2433 sicut
1843 2373 2008 2449 erat,
2059 2371 2433 2453 permansit.
2490 2368 2582 2434 De
2637 2370 2742 2435 his
2787 2369 3037 2434 duobus

686 2473 885 2534 testes
928 2474 1077 2533 sunt
1122 2469 1434 2554 Aegyptii
1480 2476 1546 2534 et
1590 2470 1911 2534 Hebraei:
1961 2469 2275 2554 Aegyptii
2321 2473 2472 2555 quia
2502 2491 2636 2536 non
2666 2477 3034 2556 potuerunt,

686 2577 757 2635 ut
802 2577 1017 2654 antea,
1045 2591 1280 2656 aquam
1326 2571 1405 2636 de
1450 2569 1718 2636 flumine
1751 2572 1998 2654 bibere,
2031 2591 2185 2636 nam
2216 2575 2374 2658 ipsis
2404 2572 2580 2638 faeta
2613 2581 2712 2639 est
2741 2577 3032 2658 sanguis,
3087 2588 3142 2633 20

686 2680 750 2738 et
797 2674 1024 2738 eodem
1069 2680 1360 2758 tempore
1413 2674 1701 2739 Hebraei
1756 2694 1900 2738 eam
1949 2678 2116 2739 siout
2163 2695 2397 2758 aquam
2443 2676 2782 2753 biberunt;
2817 2695 3040 2760 quem-

686 2775 1031 2840 admodum
1078 2778 1278 2840 etiam
1338 2775 1585 2860 Moysis
1624 2779 1828 2860 virga
1887 2779 2013 2860 ipsi
2056 2775 2408 2840 videbatur
2451 2797 2594 2842 esse
2641 2781 2855 2862 virga,
2931 2797 3038 2842 co-

684 2879 872 2943 luber
918 2884 1134 2943 autem
1178 2883 1433 2943 tantum
1476 2877 1815 2943 Pharaoni
1863 2884 1926 2942 et
1975 2877 2306 2944 maleficis.

773 2981 1078 3062 Rursum,
1106 2979 1346 3044 dietum
1393 2986 1493 3045 est
1538 2979 1655 3044 *de
1686 2983 1835 3044 viro
1867 2987 1931 3045 et
1963 2981 2238 3045 muliere
2274 2978 2330 3045 ¹:
2369 3002 2421 3043 ·«
2455 2981 2803 3066 Relinquet
2841 2981 3036 3046 homo

685 3089 937 3168 patrem
985 3103 1169 3146 suum
1217 3089 1281 3147 et
1333 3090 1612 3146 matrem
1666 3103 1870 3159 suam,
1927 3088 1991 3147 et
2045 3082 2434 3148 adhaerebit
2485 3087 2683 3148 uxori
2727 3103 2919 3148 suae:
2971 3088 3033 3148 et
3086 3097 3140 3141 25

686 3190 879 3250 erunt
924 3184 1051 3249 duo
1095 3187 1167 3248 in
1212 3203 1415 3250 carne
1460 3204 1594 3248 una
1627 3206 1686 3249 ».
1738 3185 1949 3250 Unum
1997 3184 2253 3268 quidem
2307 3183 2470 3249 fiunt
2526 3191 2836 3268 quantum
2885 3187 3036 3248 atti-

684 3292 795 3352 net
841 3286 925 3351 ad
970 3307 1118 3352 eum
1164 3289 1275 3371 qui
1320 3307 1405 3351 ex
1446 3289 1604 3371 ipsis
1634 3289 1944 3361 nascitur,
1982 3285 2133 3350 dum
2165 3286 2520 3351 secundum
2551 3307 2866 3371 personas
2896 3289 3035 3350 evi-

686 3389 918 3454 denter
978 3389 1104 3454 duo
1152 3395 1317 3453 sunt.

774 3491 861 3554 At
905 3491 1157 3556 nullum
1216 3511 1302 3556 ex
1349 3491 1453 3556 his
1518 3513 1554 3555 «
1588 3490 1736 3556 fieri
1768 3514 1803 3554 »
1853 3494 1925 3555 in
1970 3492 2270 3557 omnibus
2331 3495 2638 3576 congruit
2689 3511 2836 3556 oum
2883 3491 3030 3556 illo:

689 3616 724 3657 «
758 3595 995 3658 Faetus
1041 3599 1140 3658 est
1186 3595 1357 3657 Deus
1401 3594 1596 3659 homo
1630 3616 1689 3676 »,
1739 3601 1806 3657 et
1851 3597 1908 3658 si
1954 3597 2022 3658 in
2071 3595 2288 3679 aliquo
2334 3594 2547 3660 simile
2608 3594 2891 3670 videtur,
2965 3597 3035 3658 in
3085 3607 3140 3652 ³0

687 3697 835 3761 aliis
895 3701 1117 3760 tamen
1162 3697 1499 3760 invenitur
1543 3695 1826 3762 differre.
1878 3696 2016 3761 Hoc
2047 3699 2224 3762 enim
2274 3717 2310 3760 ⁴<
2343 3695 2490 3761 fieri
2523 3719 2560 3760 »
2609 3698 2744 3762 Dei
2771 3700 3034 3761 unicum

687 3805 785 3864 est
832 3804 895 3863 et
942 3797 1299 3882 singulare,
1336 3800 1501 3862 siout
1540 3797 1726 3864 decet
1777 3820 1813 3862 ‹
1846 3798 1993 3862 fieri
2025 3819 2062 3862 »
2115 3799 2232 3863 Dei
2264 3819 2428 3864 esse.
2482 3820 2517 3861 «
2550 3799 2843 3863 Verbum
2875 3818 3033 3863 caro

686 3901 928 3966 factum
962 3905 1061 3963 est
1092 3905 1155 3963 et
1187 3899 1511 3964 habitavit
1558 3898 1658 3986 [in
1705 3900 1920 3984 nobis]
1956 3922 2014 3964 ».
2056 3900 2350 3966 Verbum
2397 3901 2657 3985 quidem
2701 3905 2864 3976 erat,
2901 3920 3034 3965 non

686 4008 905 4068 autem
953 4021 1136 4078 oaro;
1188 4009 1582 4086 quapropter
1626 4002 1874 4067 factum
1919 4008 2015 4067 est
2062 4003 2231 4087 quod
2275 4023 2410 4068 non
2462 4009 2626 4087 erat,
2683 4009 2748 4067 et
2801 4023 3032 4067 secun-

688 4101 839 4169 dum
885 4111 1191 4170 naturam
1254 4108 1493 4169 mansit
1540 4105 1707 4189 quod
1755 4109 1918 4170 erat.
1975 4105 2143 4171 Huic
2197 4110 2414 4170 autem
2473 4127 2510 4171 «
2543 4105 2788 4171 factum
2835 4111 3027 4179 est»,
3083 4117 3138 4162 35

690 4207 985 4272 addimus
1030 4207 1191 4272 illud
1240 4228 1276 4271 ⁴<
1310 4227 1441 4273 non
1488 4213 1805 4271 mutatum
1853 4213 1950 4272 est
1984 4229 2056 4283 »ς
2107 4207 2222 4272 sed
2267 4228 2413 4273 oum
2446 4207 2834 4274 confitemur
2861 4208 3031 4272 Ver-

686 4310 839 4373 bum
908 4329 1039 4374 non
1110 4315 1427 4375 mutatum
1498 4328 1657 4384 esse,
1708 4328 1842 4373 non
1902 4308 2050 4374 ideo
2113 4308 2660 4394 apprehendimus
2713 4308 3030 4393 quomodo

775 4531 791 4558 ¹
824 4531 987 4594 Gen„
1014 4543 1075 4590 11.
1099 4529 1187 4583 24.
