3400 5642
207 1625 255 1672 10

207 2133 254 2179 15

1257 551 1371 623 -241
1424 543 1543 606 131
1599 544 1713 629 >t—

308 705 385 750 ea
428 705 593 769 quae
642 688 831 750 initio
876 685 1033 750 libri
1078 689 1179 750 sui
1225 688 1457 772 posuit,
1484 684 1701 750 docuit
1748 684 2042 750 Verbum
2088 687 2230 749 sine
2261 687 2452 750 initio
2483 687 2662 750 exsi-

308 793 477 852 stere
522 793 589 852 et
636 807 778 852 esse
825 789 1028 852 Deum
1088 793 1157 852 et
1202 788 1373 874 apud
1419 788 1622 852 Deum
1668 793 1735 852 et
1783 788 1986 852 Deum
2041 807 2183 852 esse
2229 786 2543 871 Verbum,
2593 792 2658 852 et

305 890 668 956 introduxit
714 893 913 954 etiam
960 891 1303 956 historiam
1365 889 1679 955 Iohannis
1725 891 2058 974 Baptistae
2107 893 2216 974 qui
2271 891 2506 954 missus
2561 895 2660 954 est

304 999 374 1056 ut
418 995 668 1076 primus
698 992 989 1057 Verbum
1023 995 1465 1076 annuntiaret,
1499 991 1734 1057 deinde
1781 991 1941 1056 illud
1973 991 2249 1056 addidit:
2305 1011 2342 1055 ‹
2366 992 2658 1057 Verbum

306 1114 459 1160 caro
482 1093 765 1160 ‘factum
812 1100 910 1159 est
941 1099 1007 1159 et
1038 1095 1363 1160 habitavit
1408 1097 1479 1158 in
1524 1095 1715 1159 nobis
1747 1118 1810 1177 »,
1842 1099 1914 1158 ut
1947 1093 2320 1159 ostenderet
2354 1097 2655 1160 Verbum

304 1215 445 1260 esse
492 1215 695 1260 unum
740 1197 941 1261 etiam
987 1197 1100 1259 ubi
1146 1196 1510 1260 revelatum
1558 1201 1674 1278 est,
1725 1199 1890 1261 sicut
1935 1215 2136 1259 unum
2183 1200 2281 1259 est
2327 1215 2412 1259 ex
2459 1195 2658 1260 Patre

304 1301 371 1362 in
402 1303 717 1383 quantum
765 1301 1053 1383 genitum
1085 1303 1201 1363 est.
1251 1299 1333 1363 Et
1376 1301 1432 1362 si
1464 1301 1607 1383 quis
1636 1298 2030 1380 haereticuS,
2065 1301 2205 1362 sive
2235 1297 2655 1383 ApollinariS,

303 1403 441 1465 sive
477 1401 823 1485 EutycheS‚
850 1403 991 1465 sive
1022 1401 1240 1483 Arius,
1289 1403 1429 1465 sive
1454 1401 1831 1482 Eunomius,
1865 1399 2025 1464 illud
2050 1401 2246 1465 aliter
2267 1400 2656 1484 intellegere

301 1501 461 1586 vult,
510 1523 659 1568 cum
704 1506 1029 1568 sententia
1076 1523 1195 1567 sua
1232 1503 1407 1567 mala
1440 1523 1479 1567 a
1524 1503 1716 1567 nobis
1747 1503 2426 1567 anathematizabitur.
2462 1502 2658 1587 Apol-

302 1605 585 1670 linarem
632 1609 697 1670 et
742 1605 1087 1689 Eutychen
1118 1605 1746 1670 anathematizamus
1793 1607 1962 1688 quia,
1997 1607 2121 1669 etsi
2166 1604 2475 1669 videntur
2505 1625 2659 1670 con-

300 1705 476 1770 fiteri
499 1705 793 1770 Verbum
824 1705 1067 1771 factum
1101 1725 1243 1770 esse
1275 1725 1563 1788 carnem,
1596 1725 1732 1770 non
1755 1706 1980 1771 dicunt
2011 1709 2216 1790 ipsum
2243 1709 2656 1771 incarnatum

302 1829 443 1874 esse
478 1828 566 1874 ex
611 1827 691 1874 ea
738 1827 824 1872 ex
854 1826 981 1893 qua
1012 1815 1237 1873 natum
1270 1813 1386 1891 est,
1429 1807 1543 1872 sed
1574 1808 1896 1891 alicunde,
1945 1813 2136 1893 prout
2183 1811 2307 1893 ipsi
2353 1807 2655 1874 delirant.

304 1912 434 1976 Alii
481 1931 645 1976 vero
690 1911 1031 1994 haeretici,
1080 1911 1298 1994 Arius,
1346 1914 1630 1994 inquam,
1687 1915 1753 1975 et
1799 1911 2174 1994 Eunomius,
2225 1911 2660 1976 anathemati-

302 2018 537 2078 zantur
582 2016 753 2097 quia,
818 2016 1247 2077 mutationem
1302 2011 1643 2098 fingentes
1694 2012 2102 2098 proclamant
2149 2011 2460 2096 Verbum,
2515 2013 2660 2079 loco

303 2119 584 2199 animae,
618 2120 688 2180 in
720 2135 921 2181 carne
954 2114 1308 2198 habitasse,
1358 2123 1425 2181 et
1456 2119 1716 2180 animae
1765 2118 1978 2179 instar
2021 2119 2396 2180 necessario
2442 2122 2662 2200 pertu-

301 2218 453 2284 lisse
501 2221 723 2282 omnia
754 2237 919 2302 quae
950 2237 1070 2302 per
1098 2237 1365 2283 carnem
1398 2219 1523 2282 sibi
1570 2223 1966 2294 evenerunt;
2001 2224 2066 2282 et
2116 2236 2153 2280 ‹
2185 2220 2335 2302 quia
2366 2218 2657 2282 Verbum

304 2325 400 2384 est
444 2325 773 2403 creatura,
808 2323 1007 2384 etiam
1040 2323 1111 2382 in
1141 2326 1451 2404 quantum
1483 2321 1866 2404 agnoscitur
1903 2321 2091 2402 Deus,
2125 2331 2290 2384 cum·
2318 2339 2450 2384 non
2489 2325 2662 2385 esset

302 2425 500 2486 etiam
548 2423 641 2486 ibi
671 2421 913 2487 factum
948 2427 1047 2486 est
1070 2441 1132 2505 2),
1167 2422 1391 2488 dicunt
1423 2426 1631 2508 ipsum
1663 2422 1774 2487 hic
1806 2443 2054 2506 quoque
2087 2442 2205 2508 per
2235 2425 2659 2488 mutationem

302 2524 546 2589 factum
594 2545 735 2589 esse
784 2545 1070 2590 carnem.
1106 2525 1330 2610 Itaque
1378 2525 1663 2590 asseclas
1692 2525 2081 2610 Eutychetis
2119 2525 2661 2611 reprehendimus

302 2646 435 2691 non
480 2630 633 2711 quia
680 2626 904 2693 dicunt
948 2627 1239 2692 Verbum
1284 2626 1530 2693 factum
1577 2649 1720 2692 esse
1767 2647 2059 2710 carnem,
2107 2627 2277 2712 quod
2331 2632 2394 2692 et
2441 2627 2661 2692 Evan-

304 2728 539 2812 gelista
586 2728 775 2811 dixit,
810 2728 923 2794 sed
954 2732 1105 2813 quia
1136 2749 1269 2794 non
1301 2727 1695 2794 confitentur
1725 2731 2016 2794 Verbum
2049 2749 2135 2794 ex
2165 2730 2380 2794 Maria
2411 2728 2654 2794 factum

300 2849 463 2914 esse,
514 2836 580 2895 et
627 2834 775 2915 quia
824 2833 1139 2896 iniuriose
1186 2831 1304 2895 sub
1350 2831 1607 2896 macula
1654 2837 1720 2896 et
1767 2835 2181 2898 accusatione
2229 2834 2428 2896 etiam
2474 2851 2662 2896 crea-

298 2936 543 2997 tionem
591 2931 929 2998 hominum
974 2939 1240 3017 ponunt,
1288 2939 1356 2997 et
1384 2933 1935 3018 dispensationem
1983 2936 2051 2998 in
2098 2953 2298 2998 carne
2343 2938 2653 3018 tanquam

298 3034 881 3100 hallucinationem
928 3034 1192 3100 habent.

388 3137 521 3201 Nos
544 3141 783 3220 autem,
809 3137 1015 3201 verba
1040 3139 1206 3201 sicut
1230 3140 1470 3222 scripta
1504 3144 1653 3203 sunt
1680 3138 1978 3221 legentes
2009 3156 2359 3222 eorumque
2393 3158 2653 3202 sensum

298 3242 477 3302 recte
524 3237 1002 3321 intellegentes,
1053 3237 1137 3302 ad
1182 3259 1441 3303 omnem
1502 3239 1929 3322 haereticum,
1995 3241 2102 3322 qui
2158 3239 2354 3303 aliter
2399 3238 2478 3303 de
2525 3238 2659 3302 illis

298 3341 515 3422 sentit,
579 3340 785 3403 verba
846 3341 1279 3424 correptionis
1339 3341 1530 3425 plena
1578 3339 2060 3425 respondemus.
2126 3341 2308 3423 Ario,
2366 3343 2476 3424 qui
2519 3360 2660 3403 mu-

296 3444 615 3506 tationem
661 3445 909 3525 cogitat
954 3441 1235 3526 dicitque
1284 3446 1571 3507 animam
1601 3463 1735 3507 non
1780 3441 1980 3506 fuisse
2030 3448 2445 3527 assumptam,
2482 3440 2657 3506 affir-

296 3563 551 3608 mamus
582 3545 786 3608 Deum
810 3544 1101 3609 Verbum
1132 3551 1200 3609 et
1230 3547 1643 3610 incarnatum
1676 3565 1819 3609 esse
1845 3549 1910 3608 et
1943 3548 2163 3609 anima
2194 3543 2654 3609 informatum:

297 3653 363 3711 et
408 3646 621 3730 quoad
652 3651 995 3730 utrumque
1027 3649 1095 3710 in
1127 3647 1653 3711 immutabilitate
1686 3667 1805 3711 sua
1839 3649 2290 3731 permansisse.
2327 3646 2430 3710 Ad
2461 3645 2659 3730 Apol-

295 3749 577 3813 linarem
625 3755 863 3832 autem,
912 3752 1021 3833 qui
1054 3753 1305 3833 putavit
1352 3750 1555 3814 Deum
1587 3749 1881 3814 Verbum
1915 3753 2327 3814 incarnatum
2367 3767 2510 3813 esse
2541 3749 2657 3813 sed

297 3853 518 3914 anima
566 3853 709 3914 sine
756 3854 971 3914 mente
1018 3849 1461 3932 informatum,
1511 3849 1978 3935 respondemus
2030 3849 2322 3914 Verbum
2369 3849 2656 3934 perfecte

294 3953 796 4017 inhumanatum
842 3973 1004 4035 esse,
1038 3957 1105 4016 et
1149 3953 1339 4017 nobis
1371 3973 1487 4037 per
1535 3956 1774 4036 omnia,
1808 3958 2074 4038 praeter
2104 3957 2461 4037 peccatum,
2497 3956 2660 4017 assi-

296 4056 597 4120 milatum
625 4053 845 4137 fuisse,
893 4057 1059 4118 sicut
1103 4052 1308 4118 *dixit
1338 4055 1599 4119 Paulus.
1649 4054 1753 4119 Ad
1792 4054 2154 4140 Eutychen,
2203 4057 2313 4138 qui
2364 4054 2658 4119 Verbum

297 4157 645 4222 confitetur
693 4176 729 4219 <
764 4155 1010 4221 factum
1058 4175 1199 4220 esse
1232 4178 1293 4240 ³»,
1342 4156 1457 4221 sed
1502 4177 1635 4222 non
1682 4178 1769 4222 ex
1799 4156 2101 4240 Virgine,
2135 4155 2530 4221 clamamus:
2573 4177 2660 4221 ex

298 4263 435 4344 ipsa
467 4279 557 4323 ex
588 4278 714 4342 qua
744 4263 971 4323 natum
1019 4264 1117 4322 est
1148 4262 1347 4324 etiam
1387 4259 1634 4324 factum
1680 4280 1857 4336 esse;
1909 4279 2239 4362 quaestion
2269 4264 2444 4322 esset
2497 4278 2656 4322 vere

298 4368 509 4427 mater
571 4365 713 4424 eius
758 4363 815 4424 si
860 4379 947 4424 ex
1010 4380 1089 4425 ea
1135 4380 1295 4426 vere
1364 4364 1782 4426 incarnatum
1828 4380 1961 4425 non
2030 4367 2223 4445 esset,
2287 4361 2400 4425 sed
2462 4363 2533 4424 in
2579 4381 2660 4425 ea

298 4471 550 4530 tantum
598 4464 1029 4528 habitavisset
1074 4483 1207 4528 non
1252 4483 1414 4529 vero
1454 4464 1538 4528 ab
1584 4485 1665 4528 ea
1713 4469 1957 4528 natum.
2007 4464 2092 4527 Et
2121 4463 2515 4546 Nestorium,
2551 4467 2660 4548 qui

301 4571 605 4652 opinatur
666 4565 956 4629 Verbum
1018 4584 1151 4629 non
1210 4563 1455 4629 factum
1510 4585 1651 4629 esse
1716 4584 1984 4630 carnem
2047 4565 2160 4630 sed
2223 4585 2490 4630 carnem
2555 4585 2659 4630 as-

2718 1112 2774 1168 p.
2812 1095 2931 1150 174.

2716 4076 2770 4132 p.
2811 4063 2932 4117 175.
