3400 5642
1309 511 1422 596 4(
1469 511 1509 572 7
1558 511 1669 595 »1-

324 661 581 746 fusum,
639 681 861 753 neque
917 658 1004 729 ab
1060 682 1145 729 ea
1199 659 1504 730 divisum
1560 669 1626 729 et
1680 659 1833 728 vice
1872 681 2120 747 versa;
2179 659 2304 730 sed
2343 683 2425 730 eo
2467 660 2667 731 modo

326 780 732 850 humanitati
770 780 1034 850 unitum
1074 802 1207 874 quo
1237 779 1465 849 anima
1492 779 1848 850 rationalis
1887 779 2183 872 corpori:
2227 787 2296 850 et
2331 781 2662 875 quemad-

326 899 603 969 modum
640 923 731 972 ex
767 899 996 970 anima
1034 899 1352 970 rationali
1388 907 1455 969 et
1490 922 1773 992 corpore
1817 921 1950 969 una
1990 899 2324 970 conflatur
2361 899 2666 971 humana

323 1027 609 1109 natura3
641 1019 734 1090 ita
770 1042 859 1090 ex
888 1019 1310 1089 humanitate
1349 1018 1605 1088 Christi
1631 1027 1700 1090 et
1738 1019 2094 1089 divinitate
2136 1041 2272 1089 una
2309 1020 2666 1111 consurgit

321 1147 590 1227 natura,
648 1163 783 1210 non
839 1140 1117 1234 quidem
1164 1139 1481 1232 simplex,
1516 1139 1639 1209 sed
1679 1139 2074 1232 composita,
2117 1161 2266 1226 seu,
2308 1148 2383 1210 ut
2419 1163 2662 1212 recen-

322 1258 529 1330 tiores
567 1259 904 1331 Iacobitae
934 1259 1343 1354 loquuntur:
1376 1281 1529 1328 una
1568 1263 1844 1329 natura
1883 1258 2142 1350 dupleae
2173 1313 2402 1328 .....
2445 1260 2661 1330 Plura

323 1388 549 1449 autem
606 1379 926 1473 exempla
980 1379 1315 1472 producit,
1376 1378 1500 1450 sed
1566 1379 1997 1472 potissimum
2063 1379 2333 1449 unionis
2390 1380 2662 1451 animae

321 1522 477 1570 cum
533 1523 839 1593 corpore.
900 1500 1077 1569 Hinc
1134 1499 1220 1570 ab
1274 1499 1732 1592 Eutychianis
1763 1499 1973 1568 simul
2011 1508 2078 1569 et
2113 1499 2471 1570 catholicis
2513 1501 2668 1570 Xe-

319 1620 515 1690 naias
570 1620 867 1691 recedit:
926 1619 1012 1690 ab
1072 1620 1212 1690 illis
1269 1620 1569 1715 quidem,
1612 1619 1775 1714 quia
1814 1643 2090 1691 carnem
2129 1620 2386 1692 Christi
2424 1645 2664 1692 veram

318 1763 474 1811 esse
530 1750 598 1811 et
652 1764 739 1810 ex
776 1741 1070 1832 Virgine
1128 1749 1470 1833 sumptam
1508 1747 1575 1809 et
1612 1739 1954 1810 divinitati
1982 1741 2153 1810 citra
2191 1742 2663 1811 confusionem

316 1869 437 1930 aut
492 1860 932 1931 mutationem
987 1868 1107 1930 aut
1160 1860 1571 1930 divisionem
1630 1860 1890 1929 unitam
1927 1860 2262 1949 affirmat;
2321 1882 2362 1930 a
2414 1861 2668 1931 Catho-

318 1979 471 2051 licis
509 2002 698 2063 vere,
759 1979 919 2075 quia
974 2003 1111 2050 non
1166 1980 1343 2050 duas
1399 1978 1651 2050 asserit
1703 1988 1856 2070 post
1895 1980 2266 2050 unitionem
2323 1982 2661 2052 mansisse

316 2107 622 2187 naturas,
682 2100 807 2172 sed
864 2121 949 2170 ex
1000 2099 1278 2170 duabus
1332 2119 1555 2170 unam
1612 2098 2112 2189 compositam:
2171 2102 2352 2196 quod
2393 2102 2661 2172 animae

315 2220 670 2292 rationalis
744 2228 811 2290 et
883 2220 1187 2313 corporis
1260 2220 1600 2312 exemplO,
1670 2228 1744 2289 ut
1798 2242 2007 2313 supra
2063 2220 2231 2302 dixi,
2300 2221 2661 2294 ostendere

314 2339 571 2408 flustra
625 2347 910 2409 conatur
949 2363 1018 2406 ».
1080 2338 1170 2407 Et
1226 2339 1395 2408 haec
1453 2339 1539 2410 de
1597 2339 1907 2410 doctrina
1944 2339 2153 2410 huius
2193 2341 2419 2432 operis
2458 2341 2648 2412 satis.

418 2458 617 2542 Quod
673 2482 841 2529 vero
897 2458 1186 2527 coniecit
1242 2459 1690 2548 Assemanus‚
1751 2482 2019 2552 nempe,
2079 2482 2252 2552 opus
2307 2483 2656 2554 nuncupa-

314 2587 456 2648 tum
509 2579 727 2650 fuisse
786 2579 1141 2650 monachis
1178 2579 1469 2651 fortasse
1499 2581 1957 2667 Nestorianis‚
1991 2579 2189 2650 nohis
2226 2602 2470 2673 parum
2508 2605 2658 2674 pro-

308 2699 537 2772 babile
592 2699 888 2770 videtur.
951 2698 1359 2770 Coniectura
1414 2701 1598 2770 enim
1653 2701 2098 2771 fundamento
2135 2700 2342 2771 nimis
2383 2702 2654 2771 infirmo

310 2820 639 2890 innititur.
682 2820 1045 2911 Leguntur
1080 2819 1153 2888 in
1190 2827 1480 2890 tractatu
1520 2821 1826 2891 secundo
1890 2821 2063 2890 haec
2101 2821 2346 2893 verba:
2401 2849 2437 2889 «
2469 2821 2559 2891 Et
2596 2821 2656 2892 is

311 2940 429 3035 qui
474 2938 665 3012 inter
700 2961 821 3010 vos
874 2940 1128 3009 Doctor
1182 2949 1639 3033 nuncupatur,
1682 2964 1887 3036 quem
1926 2941 2162 3011 dicunt
2206 2965 2371 3035 prae
2411 2943 2658 3036 quovis

310 3060 446 3130 alio
512 3063 953 3154 Interpretem
1010 3059 1397 3148 Librorum,
1468 3060 1904 3149 Theodorus,
1974 3062 2276 3156 inquam,
2345 3071 2538 3155 pater
2593 3071 2660 3132 et

309 3203 521 3253 causa
557 3181 768 3252 huius
805 3181 1201 3260 haereseos,
1262 3181 1409 3252 sine
1466 3182 1730 3274 pudore
1786 3183 1962 3253 duos
2008 3182 2192 3252 filios
2229 3182 2658 3254 demonstra-

309 3301 410 3371 vit
447 3325 483 3366 »
502 3355 517 3370 .
579 3301 690 3371 Re
748 3300 1028 3395 quidem
1081 3323 1273 3388 vera,
1331 3300 1540 3371 habet
1576 3300 1797 3371 codex
1841 3299 2034 3372 inter
2085 3323 2227 3389 υοε,
2289 3312 2656 3402 κιιιιιωιιὼτι,

307 3445 443 3492 non
471 3429 701 3491 autem
730 3432 1094 3517 noum,
1124 3418 1317 3491 inter
1342 3441 1479 3508 608,
1514 3421 1718 3490 sicuti
1747 3421 1948 3513 lapsu
1977 3421 2346 3508 edidimus,
2379 3447 2444 3514 p.
2481 3424 2650 3510 176,

307 3542 353 3611 l.
398 3540 522 3612 25.
584 3542 721 3612 Sed
759 3542 1035 3612 videtur
1071 3565 1111 3613 e
1150 3549 1469 3611 contextu
1520 3541 1631 3609 hic
1670 3540 1997 3611 mendum
2045 3562 2201 3611 esse
2249 3544 2659 3614 amanuensi

307 3663 877 3751 adscribendum,
935 3684 1157 3756 neque
1206 3661 1275 3732 in
1313 3669 1449 3731 toto
1486 3683 1692 3754 opere
1733 3661 1926 3732 locus
1965 3684 2003 3731 e
2042 3685 2178 3756 quo
2217 3662 2389 3732 haec
2427 3663 2654 3757 opinio

305 3783 569 3854 firmari
629 3783 847 3876 possit
911 3782 1281 3854 invenitur.
1360 3783 1594 3869 Im1n0‚
1652 3805 1744 3854 ex
1799 3782 1911 3853 his
1967 3805 2144 3876 quae
2200 3782 2408 3853 habet
2463 3783 2654 3854 initio

304 3903 618 3975 eiusdem
655 3911 983 3974 tractatus
1021 3903 1310 3974 secundi
1350 3896 1470 3999 (cf.
1506 3903 1709 3990 infra,
1741 3927 1808 3996 p.
1843 3897 1980 4000 31)
2020 3902 2308 3973 dubium
2337 3904 2458 3974 vix
2495 3927 2655 3977 esse

304 4031 527 4116 potest
579 4023 745 4118 quin
798 4045 843 4093 a
878 4022 1379 4116 monophysitis
1417 4023 1591 4093 viris
1627 4031 1916 4114 rogatus
1953 4045 2127 4115 opus
2165 4024 2650 4117 conscripserit

304 4143 759 4215 Philoxenus.

510 4323 889 4390 Scribebam
934 4324 1067 4389 kal.
1118 4326 1317 4388 iuniis
1365 4328 1526 4388 anni
1570 4342 1937 4389 mccccw.

2197 4556 2280 4623 A.
2343 4555 2430 4624 V.
