3400 5642
1305 497 1419 582 a(
1464 495 1549 560 5⁷
1596 495 1712 584 ›2—

334 663 475 708 esse
523 640 1245 726 incomprehensibilia;
1295 638 1411 706 sed
1456 659 1536 704 ea
1582 659 1748 723 quae
1795 645 1946 704 sunt
1991 637 2352 704 voluntatis
2405 639 2684 723 aggredi

334 743 548 809 audet.
600 742 727 808 Sed
772 745 969 808 etiam
1015 745 1088 806 in
1132 743 1307 807 hunc
1354 741 1727 806 simulatum
1766 739 2080 825 pudorem
2111 746 2178 806 et
2207 740 2540 806 silentium
2583 744 2684 808 in·

334 848 795 930 vestigationis
838 844 919 909 de
964 849 1224 928 natura,
1272 863 1407 910 non
1452 843 1760 909 discretio
1807 841 2084 908 adduxit
2128 842 2506 919 audaciam;
2571 843 2685 908 sed

334 952 437 1013 vis
484 949 847 1012 maiestatis
892 944 1046 1012 fidei
1076 945 1505 1028 orthodoxae,
1530 965 1695 1030 quae
1725 945 1962 1028 ubique
1995 945 2344 1029 regnabat,
2376 945 2682 1030 culpavit,

252 1065 282 1110 5
335 1055 405 1114 ut
452 1052 709 1134 opinor,
755 1049 927 1114 hanc
974 1048 1317 1114 audaciam
1363 1068 1491 1132 qua
1536 1046 1886 1132 aliquando
1931 1049 2034 1110 usi
2079 1051 2230 1112 sunt
2277 1047 2532 1131 Ariani,
2575 1051 2684 1132 qui

330 1157 613 1216 naturae
660 1150 926 1216 divinae
973 1157 1038 1216 et
1084 1156 1395 1216 aeternae
1440 1149 1776 1216 naturalia
1821 1153 1992 1216 scire
2041 1153 2228 1215 enixi
2271 1154 2440 1215 sunt.

416 1254 628 1338 Culpa
676 1272 839 1337 ergo
884 1257 955 1316 tu
1001 1256 1253 1338 pariter
1298 1253 1469 1318 banc
1500 1252 1844 1318 audaciam
1868 1259 2046 1318 tuam
2071 1273 2150 1318 eo
2175 1252 2342 1336 quod
2363 1255 2686 1338 mysteria

332 1356 695 1422 voluntatis
742 1357 1069 1438 attingere
1116 1357 1367 1436 nititur,
1416 1374 1581 1438 quae
1628 1353 1782 1418 dum
1828 1353 2110 1420 ostendit
2155 1375 2226 1418 se
2271 1355 2356 1418 ab
2410 1374 2542 1420 uno
2581 1353 2683 1418 fu-

292 1493 297 1499 ·
338 1476 499 1541 gere
544 1460 617 1520 in
662 1456 943 1522 alterum
990 1452 1273 1522 offendit.
1322 1456 1559 1521 Filium
1620 1457 1796 1520 enim
1855 1461 2084 1520 natum
2130 1475 2272 1520 esse
2333 1475 2420 1521 ex
2483 1456 2684 1522 Patre

230 1570 283 1617 ιο
334 1558 765 1624 aeternaliter
810 1564 875 1623 et
922 1563 1075 1624 ante
1120 1563 1417 1643 tempora
1464 1557 1704 1640 absque
1737 1557 2060 1623 divisione
2092 1563 2158 1624 et
2191 1561 2511 1643 passione,
2545 1560 2684 1624 evi-

333 1661 495 1726 dens
540 1667 639 1725 est
685 1664 1015 1745 pertinere
1048 1660 1133 1726 ad
1180 1666 1519 1737 naturam;
1547 1680 1696 1726 eum
1729 1665 1948 1725 autem
1977 1659 2226 1726 factum
2247 1681 2392 1726 esse
2417 1680 2684 1726 carnem

334 1763 575 1848 absque
638 1767 1017 1846 mutatione,
1066 1768 1131 1828 et
1177 1763 1699 1845 inhumanatum,
1749 1767 1816 1828 et
1859 1767 2086 1828 natum
2133 1783 2220 1827 ex
2276 1763 2570 1846 muliere,
2621 1769 2687 1828 et

332 1867 657 1931 humanas
703 1869 1039 1950 passiones
1084 1866 1439 1948 sustulisse,
1488 1867 1772 1934 evidens
1815 1869 1916 1932 est
1960 1868 2294 1950 pertinere
2341 1865 2425 1930 ad
2454 1865 2686 1932 volun-

332 1973 557 2034 tatem.
611 1989 647 2032 ‹
681 1967 933 2053 Cupivi,
983 1969 1171 2050 DeuS,
1234 1967 1455 2034 facere
1502 1968 1908 2034 voluntatem
1952 1972 2133 2032 tuam
2163 1966 2284 2045 1»;
2335 1973 2400 2032 et
2444 1971 2683 2032 iterum

236 2081 287 2126 15
337 2071 583 2136 Paulus
631 2073 723 2134 ait
754 2070 813 2134 2:
854 2092 891 2134 ‹
916 2069 1345 2154 Semetipsum
1376 2073 1764 2152 exinanivit,
1797 2069 2077 2136 sormam
2109 2073 2288 2136 servi
2331 2073 2684 2154 accipiens;

337 2177 402 2239 et
446 2192 711 2236 rursus:
767 2192 804 2237 4(
837 2171 1223 2236 Humiliavit
1268 2175 1704 2257 semetipsum,
1753 2171 1966 2238 factus
2011 2171 2325 2238 obediens
2368 2192 2568 2256 usque
2601 2171 2684 2236 ad

336 2281 614 2340 mortem
649 2296 707 2338 ».
756 2275 853 2339 Tu
900 2293 1081 2357 vern,
1130 2294 1276 2340 cum
1322 2274 1615 2340 videaris
1660 2277 2238 2358 investigationem
2291 2273 2370 2339 de
2416 2279 2686 2338 natura-

334 2377 505 2440 libus
566 2377 685 2440 Dei
746 2379 1075 2460 reiecisse,
1122 2379 1257 2440 vim
1318 2378 1555 2441 mentis
1606 2382 1760 2442 tuae
1821 2376 2158 2441 intendisti
2221 2375 2305 2440 ad
2365 2378 2685 2460 cognitio·

335 2497 487 2543 nem
535 2499 765 2544 eorum
795 2498 960 2563 quae
1005 2498 1125 2563 per
1168 2477 1571 2544 voluntatem
1625 2477 1802 2543 facta
1848 2483 2031 2543 sunt:
2085 2498 2122 2543 «
2148 2476 2296 2544 fleri
2328 2500 2364 2544 »
2399 2481 2682 2564 inquam,

233 2589 285 2634 ²⁰
336 2587 401 2646 et
444 2585 861 2646 nativitatem
908 2601 996 2646 ex
1040 2581 1336 2664 muliere,
1385 2586 1451 2646 et
1496 2579 2008 2663 crucifixionem,
2058 2585 2124 2646 et
2169 2586 2448 2646 mortem
2501 2599 2688 2646 acer-

334 2685 517 2761 bam;
568 2704 733 2769 quae
770 2704 929 2772 „cum
989 2683 1391 2749 iudicaveris
1448 2689 1730 2748 naturae
1793 2682 2057 2748 divinae
2119 2703 2253 2748 non
2305 2685 2681 2765 convenire,

335 2786 759 2868 voluntatem,
808 2805 973 2869 quae
1020 2805 1102 2850 ea
1147 2784 1305 2850 fecit
1350 2805 1467 2851 sua
1493 2790 1563 2850 ut
1586 2787 1808 2852 omnia
1839 2804 1958 2869 per
1987 2805 2067 2850 ea
2090 2783 2482 2867 vivificaret,
2513 2787 2686 2849 iniu-

334 2890 436 2953 ria
484 2886 778 2952 affecisti.
818 2887 1101 2969 Etenim,
1128 2890 1200 2950 in
1244 2888 1645 2971 temporibus
1690 2889 1974 2972 antiquis
2005 2886 2284 2952 audacia
2318 2906 2538 2952 arcem
2567 2905 2684 2952 va·

336 2989 539 3054 lidam
585 2992 999 3054 aeternitatis
1042 2994 1321 3054 naturae
1354 2991 1533 3054 omni
1562 2988 1756 3054 modo
1787 3008 2167 3073 oppugnare
2199 3007 2519 3073 aggressa
2551 2994 2680 3066 est;

234 3098 285 3144 25
336 3095 423 3174 at,
470 3111 621 3156 cum
668 3111 708 3156 a
756 3091 1167 3157 multitudine
1230 3110 1459 3156 eorum
1504 3093 1613 3175 qui
1666 3091 2048 3174 simpliciter
2107 3089 2530 3156 crediderunt
2576 3090 2685 3156 de-

334 3195 511 3258 victa
579 3198 771 3276 esset,
834 3212 1077 3277 agmen
1135 3213 1363 3258 eorum
1432 3195 1542 3276 qui
1601 3192 1736 3258 Deo
1797 3192 2250 3258 adhaerebant
2303 3193 2685 3259 roboratum

337 3301 453 3378 est,
470 3294 627 3360 dum
658 3296 935 3362 audacia
968 3295 1308 3360 debilitata
1330 3295 1592 3377 *tacuit,
1616 3314 1750 3360 non
1773 3295 2032 3379 quidem
2055 3295 2449 3361 discretione
2473 3300 2682 3377 utens,
2779 3347 2796 3364 .
2902 3349 2917 3362 .

336 3397 449 3462 sed
494 3401 648 3481 quia
694 3400 763 3460 vi
810 3399 1223 3463 auctoritatis
1270 3416 1577 3482 oppressa
1624 3402 1740 3462 est.
1770 3397 2014 3481 Itaque,
2047 3402 2186 3461 tum
2208 3399 2278 3459 vi
2301 3395 2684 3481 populorum

336 3497 643 3582 fidelium,
690 3520 839 3564 cum
885 3502 1121 3565 timore
1166 3519 1397 3564 eorum
1440 3500 1549 3583 qui
1608 3503 1767 3563 tunc
1829 3501 2176 3583 imperium
2237 3499 2682 3580 obtinuerunt,

237 3608 289 3656 3⁰
338 3599 575 3664 Ariani
620 3599 931 3666 debellati
974 3605 1124 3665 sunt
1170 3605 1237 3664 et
1280 3599 1625 3684 fugerunt;
1675 3606 1743 3666 et
1785 3599 2208 3665 tradiderunt
2260 3599 2574 3664 ecclesias
2619 3604 2684 3664 et

337 3702 577 3786 templa
624 3705 719 3767 eis
750 3705 859 3786 qui
905 3707 1083 3768 recte
1130 3702 1505 3768 credebant.
1554 3701 1832 3786 Aufugit
1875 3705 2074 3768 etiam
2105 3721 2238 3766 una
2269 3721 2416 3765 cum
2440 3703 2538 3766 eis
2568 3720 2683 3765 au-

340 3803 527 3869 dacia
572 3805 691 3869 illa
740 3824 903 3888 quae
952 3809 1293 3870 aeternam
1354 3807 1770 3870 nativitatem
1831 3807 2235 3888 investigare
2296 3806 2686 3890 ignoranter

338 3925 657 3990 aggressa
704 3911 835 3983 est;
887 3908 1103 3991 sicque
1150 3907 1425 3970 verbum
1470 3905 1625 3972 fidei
1668 3909 1740 3970 in
1770 3906 2064 3971 Ecclesia
2096 3909 2454 3990 permansit
2477 3902 2687 3970 fluens

338 4009 406 4071 in
451 4011 631 4073 omni
677 4009 1109 4093 simplicitate.
1162 4008 1441 4089 Etenim,
1489 4011 1541 4071 ii
1571 4011 1682 4093 qui
1727 4008 2208 4092 simplicitatem
2254 4009 2558 4074 colebant
2603 4007 2686 4072 ab

238 4119 289 4166 ³5
339 4111 525 4174 initio
570 4109 731 4174 facti
778 4115 929 4174 sunt
976 4115 1349 4194 receptores
1396 4109 1567 4193 fidei,
1616 4129 1802 4194 quae,
1834 4116 1906 4174 ut
1937 4112 2198 4194 scimuS,
2229 4111 2464 4176 melius
2493 4128 2686 4194 quam

341 4213 614 4276 scientia
674 4212 965 4276 humana
1010 4217 1077 4276 et
1136 4217 1543 4296 contemptus
1602 4212 1945 4295 naturaliS,
1995 4217 2174 4276 tenet
2221 4217 2286 4276 et
2331 4216 2557 4278 servat
2603 4230 2684 4276 ea

340 4333 501 4396 quae
549 4314 633 4378 ad
680 4314 1079 4380 credendum
1123 4315 1369 4380 tradita
1416 4320 1581 4379 sunt.

428 4537 445 4565 ¹
473 4537 665 4604 Helm,
706 4551 760 4600 x,
800 4537 850 4590 9.
880 4565 945 4576 -
972 4535 994 4566 ²
1020 4534 1311 4605 Philipp„
1350 4549 1411 4600 11.
1448 4539 1500 4600 7,
1538 4537 1589 4592 8.
