3400 5642
1251 487 1707 576 «(127)»-

306 637 727 700 necessitates
772 632 1099 698 humanas
1142 634 1453 716 cognovit
1485 654 1545 715 »,
1594 651 1758 698 vera
1811 637 1994 708 sunt;
2043 634 2138 698 ita
2185 638 2250 696 et
2295 652 2458 698 vera
2503 641 2654 699 sunt

306 737 498 800 haec:
545 758 580 799 «
608 735 902 799 Verbum
936 753 1095 800 caro
1119 733 1365 802 factum
1388 739 1487 798 est
1512 755 1571 817 »,
1606 739 1672 798 et
1703 732 1851 798 illa:
1885 753 1921 797 «
1943 732 2158 800 factus
2187 739 2285 798 est
2317 753 2436 819 pro
2466 734 2654 800 nobis

307 837 718 904 maledictum
744 858 802 900 ».
839 837 1267 920 Evangelista
1302 839 1477 902 enim
1508 839 1577 901 in
1610 836 1736 902 boc
1765 837 1910 902 loco
1955 839 2247 921 scripsit:
2300 856 2337 899 «
2361 837 2650 902 Verbum

306 959 461 1005 caro
506 939 753 1005 factum
798 944 897 1004 est
926 961 989 1021 ι»,
1036 958 1159 1004 nec
1206 937 1359 1004 licet
1406 938 1601 1002 aliter
1646 937 1868 1003 dicere
1901 942 2014 1004 aut
2043 942 2360 1022 cogitare,
2409 957 2532 1004 nec
2562 938 2656 1002 ibi

228 1055 256 1100 5
311 1065 345 1106 «
377 1042 619 1108 factum
660 1048 759 1106 est
789 1063 826 1105 »
876 1061 995 1126 per
1044 1060 1081 1105 ‹
1113 1043 1519 1124 assumpsit»
1556 1043 2000 1124 interpretari.
2035 1040 2280 1106 Deinde
2312 1041 2502 1108 simul
2533 1044 2656 1105 im-

306 1145 585 1210 mediate
610 1147 847 1229 posuit:
880 1162 917 1207 <
942 1143 1267 1208 habitavit
1290 1145 1360 1207 in
1382 1143 1573 1208 nobis
1588 1163 1661 1218 »;
1688 1162 1820 1210 nec
1837 1141 2149 1210 debemus
2169 1143 2368 1208 alium
2393 1163 2654 1208 sensum

307 1246 553 1332 fingere
586 1253 651 1312 et
696 1245 890 1310 illud:
931 1265 968 1310 ‹
992 1245 1316 1311 habitavit
1347 1247 1417 1308 in
1448 1245 1636 1310 nobis
1661 1266 1696 1308 »
1747 1265 1867 1329 per
1909 1244 2114 1310 istud:
2167 1267 2204 1310 «
2229 1246 2556 1312 habitavit
2585 1249 2652 1310 in

308 1369 383 1414 eo
416 1371 451 1413 »
503 1368 855 1434 exponere,
902 1350 1069 1414 sicut
1098 1350 1386 1412 sentiunt
1418 1353 1487 1412 et
1530 1346 1755 1412 dicunt
1785 1347 2125 1412 haeretici.
2153 1347 2442 1412 Verbum
2476 1350 2653 1412 enim

308 1471 436 1516 non
482 1450 809 1516 habitavit
853 1453 923 1514 in
969 1450 1253 1531 homine,
1286 1451 1453 1514 sicut
1498 1449 1571 1514 hi
1600 1447 1906 1531 delirant,
1953 1449 2068 1514 sed
2113 1453 2182 1514 in
2212 1449 2402 1513 nobis
2445 1448 2654 1514 homi-

209 1557 258 1602 10
308 1554 515 1635 nibus,
547 1552 616 1618 id
657 1558 777 1636 est,
812 1554 883 1618 in
912 1558 1153 1618 natura
1182 1554 1510 1618 communi
1540 1550 1884 1633 habitavit,
1917 1571 2051 1617 non
2080 1571 2242 1617 vero
2273 1554 2343 1615 in
2374 1570 2653 1636 persona

308 1654 631 1739 singulari
675 1657 869 1718 unius
898 1653 1199 1718 hominis.
1235 1651 1420 1725 Quod
1452 1655 1628 1718 enim
1660 1653 1832 1718 Deus
1861 1656 1931 1718 in
1964 1673 2094 1718 uno
2117 1653 2450 1719 habitaret
2487 1673 2655 1719 sem-

311 1776 426 1840 per
446 1755 691 1822 factum
724 1761 823 1820 est
854 1755 1025 1840 apud
1056 1755 1407 1839 quemlibet
1438 1757 1677 1819 iustum
1710 1760 1777 1819 et
1807 1755 2223 1840 prophetam;
2259 1755 2383 1821 boc
2413 1760 2653 1836 autem,

306 1858 469 1942 quod
515 1863 654 1924 tota
699 1864 939 1924 natura
985 1857 1274 1924 humana
1334 1859 1417 1921 sit
1464 1859 1527 1921 ei
1588 1857 2034 1922 habitaculum
2089 1863 2154 1924 et
2212 1857 2541 1942 templum,
2591 1863 2656 1922 et

308 1961 515 2026 denuo
576 1966 859 2043 creetur,
922 1963 1015 2025 ita
1062 1965 1131 2024 ut
1194 1961 1363 2024 Deus
1424 1963 1493 2024 in
1540 1960 1840 2024 omnibus
1898 1962 2088 2026 nobis
2133 1981 2219 2025 ex
2279 1981 2398 2025 sua
2445 1966 2652 2046 parte,

210 2069 259 2114 1⁵
308 2063 577 2144 habitet,
624 2063 868 2128 factum
915 2067 1015 2127 est
1060 2069 1365 2128 recenter
1408 2067 1681 2145 tantum,
1731 2083 1810 2128 eo
1855 2063 2024 2147 quod
2069 2065 2206 2148 ipse
2253 2083 2411 2130 caro
2441 2062 2655 2128 factus

308 2171 419 2230 est.
446 2165 615 2230 Nam
647 2164 1182 2249 quemadmodum
1216 2184 1394 2247 caro,
1412 2185 1603 2249 quam
1638 2168 2003 2250 assumpsit,
2019 2169 2380 2230 communis
2403 2171 2502 2230 est
2531 2185 2654 2230 nec

308 2268 626 2332 iustorum
668 2272 956 2330 tantum:
1008 2285 1093 2332 ex
1138 2271 1379 2330 natura
1410 2268 1583 2330 enim
1632 2266 1920 2331 bumana
1967 2268 2348 2332 incarnatus
2393 2273 2490 2332 est
2537 2286 2656 2350 per

310 2367 653 2452 Virginem
700 2373 763 2433 et
796 2367 1291 2444 inhumanatus;
1341 2371 1435 2432 ita
1466 2373 1531 2432 et
1560 2367 2107 2433 inhabitationem
2138 2368 2437 2433 omnibus
2467 2368 2656 2433 nobis

310 2473 645 2552 concessit,
672 2469 920 2536 scilicet
943 2470 1241 2535 omnibus
1265 2473 1373 2554 qui
1399 2469 1624 2534 volunt
1648 2489 1768 2554 per
1788 2471 2174 2554 baptismum
2199 2469 2414 2536 denuo
2435 2472 2650 2534 nasci:

214 2582 263 2627 ²0
316 2591 351 2634 «
380 2571 517 2636 Vos
561 2571 803 2657 templa
850 2572 969 2637 Dei
1020 2574 1194 2654 estis,
1260 2577 1325 2636 et
1388 2570 1666 2655 Spiritus
1713 2571 1830 2636 Dei
1875 2572 2130 2636 habitat
2189 2575 2260 2636 in
2320 2573 2508 2636 vobis
2539 2571 2554 2614 ¹
2591 2593 2651 2635 ».

309 2673 527 2758 Itaque
552 2672 881 2742 *Verbum
914 2677 983 2739 in
1014 2675 1203 2740 nobis
1234 2694 1354 2759 per
1382 2673 1691 2758 Spiritum
1725 2695 1910 2739 suum
1942 2675 2286 2757 habitavit,
2319 2680 2385 2738 et
2414 2679 2653 2739 natura
2750 2727 2761 2739 .

312 2781 533 2841 nostra
580 2776 755 2841 facta
786 2783 885 2842 est
916 2779 981 2842 ei
1010 2777 1339 2861 templum,
1374 2780 1523 2862 quia
1570 2779 1707 2862 ipse
1739 2797 1808 2841 se
1854 2779 2223 2842 exinanivit
2253 2783 2318 2842 et
2349 2797 2436 2842 ex
2465 2777 2655 2842 nobis

312 2880 691 2944 incarnatus
752 2885 867 2944 est.
918 2880 1105 2960 Huic,
1152 2882 1405 2964 opinor,
1460 2879 1671 2944 simile
1733 2886 1833 2944 est
1891 2882 2092 2944 etiam
2151 2879 2312 2945 illud
2357 2879 2524 2964 quod
2571 2879 2654 2944 ab

310 2979 563 3064 Angelo
609 2987 881 3046 vocatus
926 2986 1023 3046 est
1054 2981 1461 3062 Emmanuel,
1496 2980 1663 3065 quod
1694 2987 1792 3045 est
1823 2983 2324 3066 interpretatum
2377 3008 2411 3040 e
2437 2981 2654 3046 nobis-

219 3088 265 3134 25
311 3100 451 3146 cum
485 3081 699 3148 Deus²
725 3105 782 3147 ».
833 3084 1111 3166 Etenim,
1146 3084 1254 3150 bic
1284 3103 1417 3149 non
1450 3082 1617 3148 dixit
1666 3105 1701 3146 ‹
1729 3084 1900 3148 Deus
1929 3103 2078 3150 cum
2115 3103 2194 3149 eo
2221 3106 2280 3167 »,
2329 3084 2444 3148 sed
2478 3102 2515 3147 ‹
2539 3103 2657 3148 no-

310 3183 553 3250 biscum
581 3207 639 3267 »,
674 3188 841 3252 sicut
872 3186 1039 3251 dixit
1075 3207 1111 3250 «
1137 3186 1461 3252 habitavit
1493 3189 1563 3250 in
1608 3186 1798 3250 nobis
1821 3207 1882 3267 »,
1914 3205 2048 3251 non
2079 3192 2298 3252 autem
2335 3212 2372 3245 ι
2393 3189 2466 3251 in
2489 3206 2568 3251 eo
2594 3207 2650 3250 ».

310 3285 483 3352 Haec
530 3287 659 3354 duo
704 3292 879 3353 enim
942 3287 1247 3354 dicuntur
1307 3288 1387 3353 de
1447 3288 1685 3370 multiS,
1749 3308 1882 3354 non
1941 3309 2104 3354 vero
2149 3289 2228 3354 de
2275 3309 2424 3371 unc,
2490 3291 2655 3354 sicut

311 3389 776 3456 intellexerunt
822 3391 1161 3456 haeretici.
1208 3391 1355 3456 Non
1414 3393 1589 3456 enim
1642 3391 1934 3455 Verbum
1979 3389 2104 3455 fuit
2163 3412 2310 3457 cum
2361 3411 2492 3457 uno
2538 3391 2658 3456 ho-

314 3493 503 3575 mine,
573 3512 697 3558 nec
758 3497 829 3557 in
889 3513 1019 3558 uno
1080 3493 1445 3569 habitavit;
1510 3492 1623 3558 sed
1690 3493 1936 3559 factum
2005 3500 2104 3558 est
2169 3513 2346 3576 carc,
2401 3493 2468 3558 id
2537 3500 2653 3575 est,

225 3598 271 3644 ³0
317 3591 523 3676 homo,
571 3600 644 3658 ut
704 3597 771 3660 in
835 3596 1025 3660 nobis
1070 3595 1368 3661 omnibus
1414 3595 1762 3696 habitaret·
1793 3600 1858 3660 et
1918 3616 2060 3660 cum
2125 3597 2314 3660 nobis
2357 3596 2656 3661 omnibus

314 3702 495 3778 esset,
544 3696 1083 3781 quemadmodum
1128 3697 1445 3782 propheta
1490 3697 1657 3762 dixit
1676 3696 1742 3762 3:
1798 3719 1832 3760 «
1865 3698 1942 3762 In
1989 3705 2170 3763 terra
2216 3697 2548 3763 videbitur
2591 3704 2656 3762 et

316 3817 453 3862 cum
498 3798 871 3864 hominibus
916 3799 1417 3864 conversabitur
1448 3820 1508 3882 »,
1558 3787 2096 3883 quemadmodum
2127 3803 2328 3866 etiam
2373 3804 2510 3886 ipse
2541 3803 2655 3864 uni

316 3919 395 3964 ex
438 3901 772 3986 discipulis
802 3904 937 3966 suis
966 3900 1133 3966 dixit
1153 3901 1211 3965 4:
1250 3922 1285 3965 «
1319 3902 1529 3967 Tanto
1558 3907 1850 3986 tempore
1881 3903 2216 3968 vobiscum
2248 3923 2390 3968 sum
2427 3909 2492 3968 et
2523 3922 2654 3967 non

317 4006 675 4086 cognovisti
698 4003 846 4068 me?
873 4026 909 4069 >›
945 4003 1089 4068 Non
1118 4003 1273 4069 licet
1301 4005 1508 4088 igitur
1538 4007 2115 4088 interpretationes
2145 4005 2398 4070 alienas
2433 4005 2656 4070 verbis

228 4113 271 4160 85
316 4103 547 4170 divinis
590 4109 949 4190 imponere,
996 4104 1111 4170 sed
1156 4105 1321 4170 haec
1368 4105 1553 4170 decet
1598 4106 1931 4190 explicare
1977 4109 2144 4171 sicut
2189 4109 2430 4192 scripta
2484 4114 2650 4172 sunt.

316 4205 508 4272 Omne
557 4211 733 4272 enim
778 4208 1053 4272 verbum
1098 4210 1411 4292 scriptum
1448 4213 1547 4272 est
1576 4213 1647 4272 ut
1692 4228 1813 4292 per
1841 4208 2190 4274 lectionem
2219 4210 2650 4291 revelaretur,

319 4328 440 4374 non
470 4316 542 4374 ut
580 4329 699 4395 per
728 4309 891 4374 illud
918 4328 1149 4376 sensus
1179 4309 1383 4376 alieni
1411 4310 1863 4395 proderentur.
1899 4310 2154 4376 Exinde
2185 4311 2652 4396 multiplicatae

400 4532 413 4559 ¹
446 4531 591 4597 Cor„
628 4544 713 4594 111,
754 4531 836 4585 16.
880 4561 948 4570 —
985 4530 1008 4562 ²
1034 4533 1290 4593 Mari-11„
1324 4545 1362 4594 1,
1399 4531 1485 4585 23.
1526 4561 1595 4570 —
1634 4530 1655 4561 ³
1684 4533 1846 4594 Bm..
1881 4545 1964 4593 111,
2000 4530 2086 4586 38.
2124 4559 2195 4570 ——
2229 4529 2254 4562 ⁴
2279 4531 2416 4597 1011„
2453 4545 2579 4596 xrv,
2602 4534 2654 4587 9.
