3400 5642
714 597 828 663 fiat
873 606 1206 683 susceptor
1250 604 1407 664 novi
1454 603 1697 666 amoris
1742 601 1938 666 homo
1983 621 2212 684 novus,
2259 607 2324 666 et
2357 609 2638 686 ponatur
2667 602 2834 686 lapis
2865 622 3067 686 supra

710 701 1055 784 lapideum,
1106 707 1170 766 et
1216 706 1548 767 inseratur
1592 704 1890 769 surculus
1935 707 2005 767 in
2052 705 2289 768 arbore
2338 704 2626 768 eiusdem
2677 708 2959 788 generiS,
2994 711 3065 770 et

710 804 1085 868 mandatum
1111 824 1349 868 novum
1382 807 1451 868 in
1484 809 1911 889 generatione
1942 826 2116 870 nova
2141 809 2430 890 incipiat,
2457 827 2729 891 eumque
2755 827 3057 874 crescere

709 903 928 969 faciat.
982 907 1059 969 Et
1105 906 1360 989 quando
1408 911 1657 991 accepit
1703 908 1897 972 homo
1951 928 2160 972 novus
2213 909 2337 973 hoc
2391 908 2770 972 mandatum
2815 929 3062 973 novum

711 1010 971 1089 amoris,
1022 1008 1188 1091 quod
1220 1008 1394 1072 dedit
1425 1008 1744 1092 Christus,
1778 1015 1932 1074 tunc
1964 1013 2190 1094 incipit
2222 1030 2407 1074 amor
2439 1010 2701 1093 ingredi
2735 1009 2818 1074 ad
2849 1015 3060 1075 scien-

709 1112 867 1173 tiam
914 1115 1320 1192 naturarum,
1370 1115 1434 1174 et
1480 1114 1821 1194 acquirere
1853 1115 2293 1196 cognitionem
2325 1114 2669 1195 spirituum
2700 1116 3055 1196 propriam,

709 1232 872 1295 quae
905 1232 1037 1276 non
1070 1232 1183 1295 per
1214 1211 1621 1296 disciplinam
1653 1213 1817 1277 solet
1850 1216 2118 1296 acquiri,
2153 1213 2266 1278 sed
2296 1213 2465 1277 facie
2499 1212 2583 1277 ad
2613 1212 2850 1278 faciem
2882 1217 3061 1298 ipsas

710 1333 816 1377 res
861 1317 1153 1377 intuetur
1206 1320 1270 1378 et
1324 1335 1468 1378 cum
1514 1318 1773 1379 naturis
1827 1318 2025 1379 etiam
2079 1336 2306 1380 earum
2361 1319 2652 1380 rationes
2707 1322 3060 1399 scrutatur,

708 1436 954 1500 ponens
999 1416 1255 1499 quidem
1301 1415 1794 1482 fundamentum
1839 1416 2119 1482 firmiter
2165 1424 2229 1482 et
2276 1423 2452 1482 recte
2501 1416 2875 1483 aedificans.

796 1519 986 1583 Illum
1032 1521 1238 1602 igitur
1283 1519 1508 1602 solum,
1559 1522 1667 1603 qui
1713 1520 1886 1583 hunc
1934 1519 2210 1602 gradum
2241 1525 2574 1585 assecutus
2605 1527 2721 1603 est,
2757 1520 2941 1586 decet
2973 1520 3056 1585 de

708 1625 1083 1704 quaestione
1131 1621 1494 1686 divinitatis
1541 1621 1884 1686 disserere.
1912 1622 2056 1705 Ego
2100 1642 2262 1686 vero
2295 1643 2334 1686 a
2367 1623 2557 1686 vobis
2589 1629 2863 1707 rogatus
2893 1644 3056 1705 sum,

708 1743 851 1786 cum
900 1727 970 1786 in
1014 1723 1140 1786 hac
1186 1725 1297 1786 via
1344 1744 1426 1787 ne
1474 1722 1778 1788 incedere
1813 1724 2068 1807 quidem
2101 1727 2445 1808 coeperim,
2488 1730 2559 1788 ut
2604 1726 2836 1809 loquar
2867 1725 2945 1790 de
2976 1729 3062 1789 iis

708 1845 870 1908 quae
917 1827 986 1888 in
1032 1823 1161 1889 fine
1208 1828 1357 1888 viae
1406 1831 1751 1908 ponuntur,
1801 1831 1865 1888 et
1911 1825 1990 1889 de
2038 1829 2304 1890 civitate
2351 1826 2466 1891 illa
2515 1827 2598 1891 ad
2646 1847 2838 1910 quam
2893 1828 3060 1892 haec

708 1931 817 1992 via
864 1927 1059 2009 ducit,
1109 1933 1173 1992 et
1221 1927 1298 1992 de
1348 1928 1646 1992 omnibus
1691 1929 1879 1994 bonis
1925 1931 2084 2010 eiuS,
2135 1935 2200 1992 et
2247 1932 2447 1993 etiam
2493 1929 2572 1993 de
2621 1930 2806 2013 Rege
2849 1933 3059 2013 quiin

707 2030 831 2096 hac
878 2033 1144 2095 civitate
1191 2031 1462 2094 habitat.
1513 2029 1637 2094 Sed
1685 2035 1836 2113 quia
1875 2035 2094 2114 gratia
2126 2037 2334 2115 potest
2365 2038 2648 2096 mentem
2682 2052 2799 2116 per
2831 2051 3054 2116 quam-

705 2152 974 2215 cumque
1044 2135 1341 2196 semitam
1418 2131 1558 2195 vult
1626 2133 1924 2214 trahere,
1995 2139 2061 2196 et
2137 2133 2378 2216 absque
2447 2136 2557 2196 via
2627 2133 2878 2198 laboris
2939 2153 3058 2217 per

706 2233 902 2298 aliam
951 2237 1249 2298 semitam
1296 2233 1446 2299 fidei
1492 2234 1824 2298 hominem
1871 2234 1956 2298 ad
2000 2237 2322 2299 visionem
2368 2237 2672 2298 veritatis
2704 2234 3050 2318 adducere,

706 2356 852 2400 cum
898 2334 1022 2400 fide
1071 2336 1497 2400 tractabimus
1543 2335 1623 2398 de
1668 2338 1752 2398 iis
1797 2355 1960 2419 quae
2008 2355 2125 2419 per
2171 2339 2460 2418 gratiam
2493 2340 2876 2421 accepimus.
2913 2337 3059 2401 Non

706 2440 881 2502 enim
928 2458 1045 2521 per
1091 2440 1450 2519 scientiam,
1500 2457 1664 2521 quae
1697 2457 1784 2501 ex
1816 2457 2038 2502 amore
2072 2437 2352 2521 spiritali
2383 2443 2638 2502 tantum
2669 2441 2835 2504 oriri
2867 2439 3051 2521 solet,

705 2559 877 2604 nunc
925 2539 1336 2621 disseremuS,
1384 2538 1498 2604 sed
1544 2559 1661 2623 per
1693 2547 1904 2604 motus
1933 2538 2085 2604 fidei
2117 2558 2281 2623 quae
2313 2546 2414 2604 est
2443 2543 2700 2604 initium
2732 2544 2884 2606 viae
2915 2561 3051 2606 mo-

636 2662 868 2707 .-rum.
918 2643 1179 2706 Etenim
1233 2663 1446 2706 sermo
1502 2641 1580 2706 de
1634 2648 1874 2706 natura
1928 2642 2270 2706 Essentiae
2300 2639 2628 2706 *tractare
2677 2642 2886 2708 debet.
2936 2643 3054 2708 Ille

705 2750 920 2808 autem
970 2745 1145 2810 solus
1191 2764 1259 2808 se
1305 2744 1691 2827 intellegere
1740 2749 1968 2828 potest,
2003 2747 2112 2827 qui
2155 2750 2463 2808 naturam
2509 2765 2694 2808 suam
2727 2747 3058 2829 prioribus

700 2848 1103 2912 horninibus
1150 2851 1214 2909 et
1262 2865 1572 2929 personas
1618 2866 1771 2909 suas
1817 2846 2288 2929 posterioribus
2322 2848 2346 2884 ³
2409 2845 2748 2910 revelavit.
2807 2847 3052 2931 Itaque,

702 2956 774 3014 ut
818 2947 1179 3030 didicimus,
1231 2951 1323 3012 sic
1370 2953 1435 3010 et
1466 2946 1794 3012 credimus
1824 2967 2020 3012 unam
2054 2968 2194 3012 esse
2225 2953 2534 3012 naturam
2566 2947 2857 3013 divinam
2889 2969 3054 3033 quae

704 3057 800 3115 est
846 3051 1005 3130 sola,
1054 3053 1347 3114 creatrix
1392 3053 1699 3132 omnium,
1749 3070 1872 3114 nec
1919 3051 2002 3114 ab
2049 3049 2182 3114 alia
2229 3055 2454 3114 creata
2503 3055 2618 3114 est.
2646 3050 3058 3136 Quapropter

702 3175 781 3218 ea
814 3155 954 3218 sola
986 3160 1085 3218 est
1112 3159 1353 3217 natura
1384 3173 1564 3234 vera,
1600 3158 1664 3216 et
1696 3155 1980 3218 essentia
2011 3153 2452 3216 immutabilis.
2488 3152 2704 3236 Ipsam
2735 3157 3064 3234 exsistere·

702 3256 1101 3322 solummodo
1126 3255 1499 3332 didicimus;
1534 3277 1657 3339 quo
1691 3263 1909 3320 autem
1942 3255 2132 3320 modo
2157 3262 2222 3320 et
2253 3256 2366 3320 ubi
2397 3259 2690 3338 exsistat,
2715 3277 2840 3322 nec
2870 3277 3054 3322 mens

702 3362 977 3443 assequi,
1004 3379 1125 3422 nec
1148 3377 1364 3422 sermo
1396 3357 1615 3422 dicere
1648 3357 1845 3422 valet.
1881 3357 2046 3421 Nam
2078 3361 2134 3422 si
2165 3357 2536 3423 intellectus
2561 3358 2628 3422 id
2653 3378 3052 3442 cognoscere

702 3462 975 3543 valeret,
1024 3462 1189 3526 haec
1236 3465 1495 3541 natura,
1550 3466 1620 3524 ut
1667 3464 1918 3544 opinor,
1968 3481 2100 3525 non
2133 3459 2462 3524 aemulata
2515 3467 2686 3526 esset
2730 3465 3056 3525 creaturis

701 3583 843 3628 sese
868 3563 1189 3626 revelare.
1217 3561 1443 3626 Voluit
1472 3565 1646 3624 enim
1678 3564 1748 3624 in
1775 3582 1997 3625 amore
2031 3582 2146 3626 suo
2179 3565 2496 3626 immenso
2533 3562 2722 3626 nobis
2747 3562 3050 3626 revelare

702 3665 1006 3749 quidquid
1052 3664 1131 3730 de
1176 3668 1319 3748 ipsa
1364 3667 1672 3747 cognosci
1719 3669 2006 3748 poterat;
2049 3664 2163 3729 sed
2195 3667 2345 3747 quia
2381 3667 2506 3728 scit
2535 3671 2839 3729 naturam
2873 3685 3056 3729 crea-

702 3774 834 3832 tam
868 3787 998 3831 non
1030 3787 1215 3851 posse
1248 3769 1583 3850 percipere
1616 3769 1746 3830 nisi
1791 3769 2244 3831 exsistentiam
2277 3769 2442 3848 eiUS,
2477 3765 2735 3830 modum
2767 3770 3054 3832 existen-

702 3873 833 3936 tiae
882 3890 1038 3935 suae
1086 3869 1437 3934 occultavit
1489 3868 1802 3952 nobisque
1859 3868 2200 3933 dumtaxat
2246 3889 2314 3932 se
2371 3871 2658 3932 existere
2708 3869 3048 3933 revelavit.

702 3973 866 4036 Nam
912 3992 995 4036 ne
1050 3975 1191 4055 ipsa
1245 3971 1521 4055 quidem,
1572 3978 1643 4032 ut
1696 3973 1946 4054 opinor,
2010 3989 2408 4053 cognoscere
2467 3977 2682 4053 posset
2735 3970 3051 4054 quomodo

702 4079 961 4157 existat,
1010 4078 1066 4140 si
1113 4094 1245 4140 non
1291 4079 1461 4138 esset
1507 4092 1624 4136 ens
1670 4093 2060 4156 supremum.
2113 4071 2213 4136 Ad
2252 4075 2607 4138 essentiam
2639 4075 2814 4136 enim
2845 4072 3051 4137 solam

702 4180 983 4261 pertinet
1005 4185 1401 4260 cognoscere
1434 4178 1634 4238 etiam
1660 4174 1976 4257 quomodo
2001 4177 2140 4258 ipsa
2166 4177 2474 4251 exsistat;
2503 4181 2808 4240 creatura
2833 4180 3054 4239 autem

704 4284 1044 4348 rationalis
1090 4283 1215 4348 hoc
1259 4281 1562 4366 possidet,
1612 4287 1676 4344 et
1723 4281 1848 4347 hoc
1893 4281 2102 4346 solum
2147 4285 2217 4345 ei·
2255 4281 2478 4346 datum
2525 4287 2641 4364 est,
2691 4286 2760 4344 ut
2807 4301 3072 4366 cogno··

791 4503 812 4534 ⁸
850 4506 885 4558 Ι.
923 4520 972 4558 e.
1012 4511 1278 4558 naturam
1321 4503 1380 4556 in
1419 4503 1634 4566 Veteri,
1672 4517 1952 4572 personas
1993 4503 2052 4558 in
2090 4503 2255 4556 Novo
2293 4501 2688 4558 Testamento.

3125 1541 3196 1583 10—

3113 3075 3174 3116 25
3189 3099 3198 3105 -

3105 3581 3196 3626 30·

3109 4087 3195 4131 33·
