3400 5642
1403 516 1803 604 ⁴429»-

431 663 595 724 sicut
640 660 788 725 Arii
835 661 1123 726 asseclae
1185 664 1500 724 iniuriose
1564 664 1945 724 existimant
2002 680 2123 725 nos
2186 663 2477 745 opinari3
2542 680 2776 744 neque,

429 767 578 847 quia
623 764 828 828 Filius
874 769 990 846 est,
1039 764 1350 828 Genitore
1397 784 1514 827 suo
1559 766 1781 827 iunior
1806 766 2158 846 ,cogitatur
2202 780 2363 846 esse,
2430 766 2597 827 sicut
2658 762 2776 827 filii

429 866 598 950 apud
644 887 780 931 nos.
831 867 913 929 Et
959 868 1159 932 Pater
1201 870 1268 930 et
1313 865 1518 930 Filius
1564 870 1628 929 et
1675 864 1971 949 Spiritus,
2021 865 2189 950 quod
2234 886 2321 930 ex
2382 866 2615 930 eadem
2678 886 2781 930 es-

429 971 639 1033 sentia
685 974 854 1051 sunt,
903 988 1111 1051 neque
1157 967 1402 1031 fratres
1445 987 1652 1051 neque
1699 970 1833 1031 tria
1876 968 2073 1032 Entia
2105 974 2271 1032 sunt.
2310 970 2437 1033 Eos
2467 988 2603 1032 non
2635 988 2777 1031 esse

344 1085 374 1129 5
429 1068 674 1134 fratres
719 1070 788 1134 id
832 1069 1175 1135 confirmat
1235 1068 1403 1153 quod
1447 1089 1747 1133 sermone
1809 1072 2003 1133 unius
2064 1090 2290 1133 eorum
2350 1072 2781 1133 nominantur

431 1172 632 1236 Pater
677 1177 742 1235 et
787 1172 992 1236 Filius
1037 1178 1102 1236 et
1148 1171 1457 1255 Spiritus:
1513 1192 1550 1234 «
1581 1170 1698 1251 Ite,
1734 1170 1959 1235 docete
1994 1191 2218 1235 omnes
2252 1177 2497 1255 genteS,
2526 1176 2591 1235 et
2622 1172 2781 1254 bap-

429 1276 626 1337 tizate
673 1292 786 1338 eas
831 1277 901 1338 in
947 1277 1208 1339 nomine
1238 1274 1460 1337 Patris
1505 1280 1568 1337 et
1615 1274 1769 1337 Filii
1814 1286 1879 1337 et
1926 1273 2201 1357 Spiritus
2248 1276 2456 1337 sancti
2490 1273 2501 1314 ¹
2534 1293 2615 1348 >3
2667 1292 2781 1336 eos

429 1395 564 1442 non
611 1396 751 1440 esse
799 1377 937 1441 tria
985 1379 1164 1441 entia
1210 1376 1414 1458 docet,
1465 1381 1731 1459 praeter
1776 1376 1941 1441 haec
1986 1376 2210 1457 verba,
2247 1376 2312 1439 id
2358 1378 2557 1440 etiam
2612 1374 2779 1458 quod

431 1492 563 1543 una
611 1482 893 1543 essentia
940 1498 1194 1562 unaque
1242 1478 1552 1542 divinitas
1597 1476 1947 1542 confitendi
1996 1483 2163 1542 sunt.

319 1596 378 1641 10
521 1580 946 1664 Quapropter
996 1580 1532 1664 quemadmodum
1581 1600 1620 1645 a
1667 1581 2001 1664 prophetis
2048 1587 2112 1645 et
2136 1542 2447 1665 apostolis
2480 1585 2547 1645 et
2578 1599 2778 1643 evan-

437 1683 688 1766 gelistis
734 1686 976 1747 sanctis
1022 1682 1380 1765 didicimus,
1429 1686 1523 1747 ita
1571 1686 1749 1746 omni
1793 1688 2085 1767 tempore
2117 1689 2415 1747 tenemus
2461 1688 2526 1747 et
2559 1700 2779 1746 serva-

435 1806 596 1867 muS,
643 1804 766 1849 nec
811 1784 982 1849 *ullo
1043 1784 1232 1849 modo
1294 1786 1769 1868 corrumpimus
1830 1788 2087 1868 signum
2133 1783 2286 1848 fidei
2334 1790 2448 1848 aut
2494 1783 2781 1867 sigillum
2837 1806 2891 1861 p.
2920 1791 3014 1845 31.

434 1891 757 1974 baptismi,
805 1890 1137 1955 doctrinas
1184 1890 1505 1953 humanas
1550 1894 1620 1953 in
1666 1888 1792 1953 fide
1839 1896 2065 1953 nostra
2112 1889 2618 1971 introducentes,
2668 1887 2782 1951 sed

437 1990 822 2056 confitemur
866 1993 1130 2056 Patrem
1179 2010 1435 2075 semper
1480 2010 1622 2055 esse
1668 1993 1953 2072 Patrem,
2004 1995 2154 2075 quia
2192 2012 2325 2056 non
2357 1999 2455 2055 est
2484 1990 2657 2055 filius
2688 1990 2781 2053 al-

325 2109 382 2153 15
435 2097 659 2176 terius,
709 2100 774 2158 et
819 2094 1056 2157 Filium
1103 2098 1414 2178 perpetuo
1461 2114 1600 2157 esse
1648 2094 1905 2177 Filium,
1956 2098 2106 2178 quia
2153 2113 2286 2158 non
2332 2098 2429 2158 est
2470 2099 2657 2178 pater
2688 2091 2783 2155 al—

435 2200 642 2261 terius
685 2196 824 2279 filii,
875 2202 939 2261 et
985 2196 1294 2279 Spiritum
1341 2202 1634 2260 sanctum
1683 2203 1995 2279 perpetuo
2042 2216 2183 2260 esse
2230 2196 2541 2281 Spiritum
2588 2200 2655 2258 et
2713 2198 2781 2257 in

435 2302 732 2363 trinitate
780 2304 845 2362 et
891 2319 977 2364 ex
1023 2318 1102 2361 ea
1149 2317 1310 2380 esse,
1361 2302 1510 2381 quia
1557 2304 1656 2362 est
1701 2304 1768 2362 et
1813 2302 1949 2382 ipse
2000 2318 2277 2382 persona
2335 2318 2418 2361 ex
2474 2300 2777 2361 essentia.

438 2400 518 2461 Et
565 2403 716 2482 quia
761 2402 1138 2463 nominatur
1184 2398 1478 2482 SpirituS,
1528 2402 1793 2481 agnitus
1839 2405 1936 2463 est
1984 2418 2069 2463 ex
2114 2404 2355 2463 natura
2409 2400 2526 2463 Dei
2560 2404 2625 2461 et
2656 2398 2781 2461 Pa-

437 2506 577 2584 tris,
625 2502 736 2565 ille
784 2505 892 2585 qui
939 2505 1138 2566 etiam
1183 2507 1454 2567 vocatus
1500 2508 1598 2565 est
1643 2501 1921 2585 Spiritus
1968 2502 2171 2566 verbo
2204 2502 2462 2566 Domini
2500 2503 2710 2564 nostri
2732 2496 2779 2561 ².

323 2620 384 2661 z)
437 2606 582 2669 Non
627 2608 801 2669 enim
849 2604 1385 2689 quemadmodum
1447 2605 1651 2668 Filius
1697 2624 1783 2668 ex
1830 2606 2027 2669 Patre
2076 2611 2191 2686 est,
2242 2608 2335 2669 ita
2386 2610 2451 2668 et
2504 2602 2786 2687 Spiritus

435 2728 525 2771 ex
569 2707 769 2782 Fili0;
821 2706 934 2771 sed
980 2707 1170 2770 ambo
1217 2723 1304 2771 ex
1349 2707 1547 2771 Patre
1611 2712 1793 2770 sunt:
1843 2726 2011 2770 unus
2056 2706 2261 2770 Filius
2308 2711 2373 2769 et
2428 2705 2598 2769 alter
2644 2703 2785 2787 Spi-

440 2812 622 2872 ritus.
673 2810 786 2872 Est
832 2809 1033 2872 Pater
1079 2814 1143 2872 et
1190 2809 1378 2889 DeuS,
1427 2809 1628 2872 Pater
1687 2810 1879 2871 unius
1926 2813 1991 2871 et
2037 2810 2427 2892 principium
2490 2806 2779 2870 alterius,

439 2910 622 2975 Licet
665 2917 905 2975 natura
953 2911 1230 2994 simplex
1277 2914 1378 2992 sit,
1429 2914 1841 2993 operationes
1888 2910 2408 2993 distinguuntur;
2462 2908 2631 2992 apud
2677 2907 2728 2969 F
2732 2911 2788 2970 i-

439 3014 596 3077 lium
647 3016 1027 3097 agnoscitur
1075 3016 1446 3096 generatim
1497 3012 1669 3096 apud
1701 3012 2009 3096 Spiritum
2034 3018 2252 3076 autem
2280 3015 2622 3096 processio.
2650 3011 2785 3074 Nec

325 3132 384 3175 25
443 3119 854 3199 operationes
901 3115 1106 3179 falsae
1154 3115 1467 3179 dicendae
1531 3120 1680 3179 sunt
1743 3120 2008 3199 propter
2070 3135 2254 3179 suam
2315 3113 2782 3196 difficultatem,

443 3220 590 3301 quia
639 3217 721 3281 ad
769 3218 971 3281 Deum
1017 3221 1362 3301 pertinent,
1413 3220 1596 3281 cuius
1625 3223 1865 3281 natura
1898 3215 2247 3281 ineffabilis
2278 3223 2396 3297 est,
2446 3222 2513 3281 et
2551 3222 2790 3300 myste-

441 3322 610 3382 rium
660 3323 1109 3403 operationum
1172 3323 1312 3383 eius
1372 3323 1757 3383 immensum
1820 3325 1934 3382 est.
1985 3320 2326 3383 Processio
2373 3318 2649 3401 Spiritus
2698 3338 2782 3380 ex

442 3422 641 3486 Patre
687 3442 819 3486 non
866 3422 1152 3506 putanda
1184 3428 1282 3487 est
1327 3422 1495 3486 falsa
1543 3442 1628 3485 ex
1675 3442 1754 3485 eo
1801 3420 1968 3505 quod
2014 3440 2147 3485 non
2194 3424 2276 3483 sit
2323 3420 2525 3495 filius3
2576 3440 2787 3503 neque

447 3528 786 3606 generatio
832 3525 1002 3605 Filii,
1038 3546 1122 3588 ex
1170 3545 1247 3590 eo
1295 3524 1462 3609 quod
1494 3525 1600 3588 hic
1623 3544 1755 3587 non
1781 3524 2055 3605 dicatur,
2089 3529 2159 3587 ut
2192 3522 2485 3605 Spiritus,
2514 3544 2553 3587 a
2586 3525 2789 3588 Patre

327 3644 388 3688 30
444 3627 817 3710 procedere.

530 3730 730 3793 Pater
777 3735 874 3793 est
921 3730 1090 3793 Deus
1137 3735 1200 3793 et
1245 3730 1476 3793 Pater:
1527 3730 1729 3792 Pater
1774 3728 1926 3791 Filii
1972 3734 2036 3793 et
2083 3729 2253 3793 Deus
2306 3734 2787 3793 creaturarum.

442 3832 622 3912 Item,
671 3832 875 3895 Filius
921 3838 1020 3895 est
1065 3832 1234 3896 Deus
1281 3838 1345 3896 et
1391 3832 1624 3894 Filius:
1675 3830 1881 3894 Filius
1926 3832 2144 3895 Patris
2192 3837 2255 3895 et
2287 3832 2455 3895 Deus
2494 3852 2785 3916 operum.

445 3934 652 3997 Simili
698 3934 887 3999 modo
935 3934 1211 4017 Spiritus
1257 3939 1518 3998 sanctus
1563 3939 1661 3997 est
1686 3932 1964 4017 Spiritus
1996 3939 2061 3997 et
2093 3935 2294 3998 Deus:
2346 3934 2623 4018 Spiritus
2670 3935 2794 3997 Dei
2870 4014 2875 4017 Ι

445 4042 509 4099 et
556 4037 724 4100 Deus
771 4056 995 4101 eorum
1037 4056 1199 4120 quae
1232 4036 1408 4100 facta
1454 4041 1620 4100 sunt.
1657 4036 1774 4099 His
1807 4037 2149 4120 quidquam
2176 4037 2416 4101 addere
2450 4056 2583 4101 non
2613 4037 2785 4118 licet,

325 4153 388 4197 35
444 4158 566 4202 nec
612 4139 694 4202 ab
741 4142 836 4202 eis
883 4138 1225 4222 quidquam
1273 4138 1679 4202 subtrahere.
1732 4138 1911 4203 Haec
1958 4142 2131 4202 enim
2178 4159 2309 4203 non
2343 4145 2491 4202 sunt
2522 4144 2787 4202 nostrae

445 4242 874 4322 inventioneS,
923 4260 1044 4304 nec
1091 4241 1428 4304 doctrinae
1476 4242 1910 4305 humanarum
1946 4244 2432 4324 cogitationum,
2469 4241 2583 4305 sed
2615 4241 2791 4305 illius

445 4345 553 4426 qui
599 4343 774 4407 solus
819 4347 939 4407 scit
985 4342 1064 4407 de
1112 4363 1180 4406 se
1229 4342 1481 4408 docere.
1530 4342 1655 4414 Qui
1704 4364 1789 4407 ex
1837 4364 1915 4407 eo
1964 4343 2205 4426 didicit,
2258 4343 2368 4408 ille
2403 4344 2577 4408 solus
2609 4350 2790 4407 recte

537 4565 554 4595 ¹
583 4567 845 4625 MATTH„
881 4579 1090 4623 xxvm.
1131 4566 1214 4619 19.
1253 4596 1318 4603 -
1359 4564 1380 4595 ²
1405 4565 1632 4627 IoHAN„
1668 4578 1748 4627 w,
1784 4568 1872 4628 24,
