3400 5642
1269 526 1378 605 -κς
1427 524 1514 586 49
1559 525 1672 607 >s-

297 670 401 730 est
446 685 600 750 pars
645 668 940 750 eorporis
983 684 1148 749 quae
1193 664 1396 730 fuerit
1440 666 1741 749 vulgaris
1788 670 1901 730 aut
1969 666 2163 731 alteri
2209 666 2538 752 adscripta
2582 676 2650 735 et

299 768 538 833 deinde
583 768 808 834 Verbo
851 771 1070 845 unita;
1118 788 1327 853 neque
1373 765 1624 833 *forma
1685 772 1865 833 servi
1925 767 2103 834 facta
2148 774 2247 833 est
2292 774 2359 834 et
2412 770 2647 837 deinde
2702 797 2760 855 p.
2790 784 2880 841 58.

295 890 344 935 a
389 868 603 935 forma
649 870 769 934 Dei
813 874 1174 953 assumpta3
1223 888 1431 953 neque
1464 868 1691 934 domus
1722 872 1903 953 prius
1934 868 2277 935 aedificata
2300 875 2401 935 est
2428 874 2499 935 in
2523 892 2648 956 qua

301 972 538 1036 deinde
584 974 826 1036 mansit
871 969 1284 1048 aedificator;
1331 991 1540 1055 neque
1601 976 2007 1037 exstructum
2062 976 2161 1036 est
2219 973 2532 1057 templum
2578 978 2649 1039 in

175 1088 214 1133 5
301 1092 430 1157 quo
475 1074 646 1137 Deus
691 1078 915 1157 postea
968 1073 1325 1149 habitavit;
1387 1093 1597 1157 neque
1658 1072 1969 1157 templum
2030 1076 2101 1137 in
2166 1074 2407 1159 templo
2467 1079 2650 1160 prius

303 1178 603 1259 agnitum
648 1180 767 1257 est,
815 1174 884 1239 id
927 1180 1028 1240 est
1072 1176 1414 1260 corporale
1477 1177 1548 1239 in
1591 1175 1895 1259 Virgine,
1944 1180 2009 1240 et
2054 1175 2289 1240 deinde
2358 1177 2531 1242 Deus
2575 1182 2649 1242 in

299 1281 594 1361 utroque.
643 1276 701 1341 N
703 1297 789 1341 on
835 1280 1009 1343 enim
1055 1280 1368 1362 seriptum
1399 1282 1498 1341 est
1520 1277 1849 1342 Virtutem
1881 1278 2201 1342 Altissimi
2224 1279 2647 1345 obumbrasse

301 1378 571 1461 duobuS,
635 1378 750 1443 sed
803 1382 868 1443 ei
925 1383 1181 1443 tantum
1241 1400 1326 1443 ex
1388 1399 1513 1463 qua
1573 1378 1868 1443 Verbum
1928 1380 2421 1464 concipiendum
2466 1386 2645 1446 erat:

307 1501 345 1544 ‹
378 1479 712 1551 Quomodo
757 1478 870 1544 fiet
913 1479 1104 1563 istud,
1152 1484 1458 1564 quoniam
1503 1483 1612 1544 vir
1667 1499 1803 1545 non
1856 1481 2021 1545 mihi
2080 1485 2383 1565 cognitus
2434 1482 2575 1547 est?
2610 1506 2646 1548 »

179 1598 246 1645 lo
302 1581 408 1646 Ad
453 1602 646 1667 quam
673 1586 1109 1647 annunciator
1131 1582 1494 1667 respondit:
1549 1603 1585 1646 ‹
1617 1582 1897 1667 Spiritus
1940 1588 2204 1648 sanctus
2234 1577 2651 1669 superveniet

301 1687 374 1748 in
419 1688 504 1767 te,
553 1689 620 1749 et
661 1683 892 1748 Virtus
936 1681 1261 1773 Altissimi
1305 1685 1722 1749 obumbrabit
1770 1685 1895 1749 tibi
1928 1706 1963 1749 »
2000 1687 2044 1748 ¹.

391 1786 468 1850 In
512 1786 792 1870 Virgine
837 1788 1061 1870 igitur,
1085 1805 1220 1851 non
1251 1791 1469 1851 autem
1492 1790 1563 1849 in
1585 1788 1850 1852 homine
1876 1806 1963 1851 ex
1984 1787 2266 1872 Virgine
2300 1794 2648 1874 assumpto,

298 1888 594 1953 Verbum
654 1888 982 1952 habitavit
1025 1893 1090 1951 et
1157 1908 1244 1952 ex
1291 1907 1372 1952 ea
1432 1894 1815 1973 oonoeptum
1858 1894 1975 1953 est.
2026 1890 2217 1954 Patet
2276 1893 2455 1955 enim
2500 1912 2649 1955 eum

303 1993 414 2073 qui
463 2010 500 2055 4(
531 1988 745 2055 faetus
789 1994 889 2053 est
921 2011 980 2073 »,
1029 2010 1178 2053 eum
1223 2010 1366 2054 esse
1413 1993 1522 2073 qui
1567 1996 1919 2074 conceptus
1963 1996 2080 2074 est,
2130 1994 2239 2075 qui
2284 1997 2385 2057 est
2434 1995 2645 2077 ipsum

177 2110 244 2155 15
299 2092 595 2157 Verbum
641 2112 798 2157 earo
843 2090 1090 2156 factum
1135 2096 1201 2157 et
1224 2092 1394 2157 Deus
1425 2096 1565 2157 sine
1591 2096 1948 2157 mutatione
1971 2093 2455 2159 inhumanatus.
2482 2094 2649 2159 Nam

296 2200 542 2259 natura
587 2193 890 2277 Virginis
931 2210 1066 2259 non
1111 2193 1288 2263 dedit
1333 2198 1476 2258 eius
1519 2199 1709 2259 utero
1769 2214 2116 2278 personam
2177 2194 2533 2260 humanam
2577 2200 2650 2261 in

299 2315 428 2380 qua
475 2296 645 2361 Deus
690 2296 1047 2373 habitavit3
1097 2296 1212 2360 sed
1256 2295 1550 2360 Verbum
1601 2299 1831 2380 ipsum,
1880 2299 2031 2379 quia
2062 2295 2307 2361 factum
2339 2302 2438 2361 est
2468 2318 2646 2380 cam,

298 2402 685 2481 conceptum
731 2402 828 2461 est
873 2400 944 2461 in
989 2417 1070 2462 ea
1116 2402 1182 2462 et
1227 2418 1313 2462 ex
1359 2417 1457 2462 ea.
1506 2397 1728 2480 Neque
1772 2397 1985 2481 Virgo
2010 2398 2143 2463 Deo
2176 2398 2409 2463 obtulit
2438 2398 2649 2464 homi·
2692 2436 2708 2449 ·

295 2519 473 2581 nem,
521 2519 710 2582 quem
740 2518 827 2563 ex
851 2519 930 2564 ea
955 2502 1300 2583 assumpsit
1331 2505 1640 2583 tanquam
1663 2502 2023 2583 primitias;
2058 2500 2172 2563 sed
2194 2504 2332 2584 ipse
2368 2520 2404 2563 ‹
2436 2499 2649 2566 faetus

175 2623 240 2669 20
299 2605 402 2665 est
436 2622 472 2664 »
522 2620 608 2665 ex
653 2620 732 2665 ea
777 2600 847 2664 id
891 2600 1062 2685 quod
1105 2599 1253 2665 fieri
1283 2605 1500 2685 posset
1528 2605 1600 2664 ut
1631 2604 1717 2665 sit
1746 2601 1935 2665 nobis
1980 2604 2309 2685 primitiae
2336 2601 2420 2666 ad
2442 2604 2649 2667 vitam

301 2706 662 2767 aeternam.
712 2702 988 2785 Etenim,
1014 2722 1148 2767 non
1193 2708 1340 2767 erat
1385 2706 1458 2765 in.
1499 2702 1781 2785 Virgine
1806 2702 1939 2767 alia
1963 2722 2243 2787 persona
2274 2707 2389 2767 aut
2411 2707 2650 2767 natura

301 2804 389 2868 ab
421 2822 501 2867 ea
547 2802 854 2868 distincta
899 2823 1064 2888 quae
1111 2804 1334 2868 Verbo
1379 2806 1925 2887 coniungeretur3
1976 2807 2127 2887 quia
2150 2805 2461 2887 Verbum,
2493 2804 2647 2869 lieet

301 2924 391 2969 ex
424 2925 504 2969 ea
549 2924 784 2989 corpus
829 2908 1195 2990 sumpserit,
1228 2925 1362 2971 non
1393 2925 1628 2989 corpus
1651 2905 1927 2969 alterius
1964 2906 2081 2971 sed
2126 2926 2313 2971 suum
2344 2909 2647 2990 sumpsit3

300 3026 430 3071 neo
475 3006 689 3089 alteri,
737 3006 853 3071 sed
897 3007 1024 3071 sibi
1067 3010 1354 3091 sumpsit.
1404 3006 1548 3072 Non
1593 3009 1771 3071 enim
1817 3007 2013 3073 homo
2057 3010 2241 3093 prius
2269 3010 2340 3071 in
2370 3008 2650 3091 Virgine

183 3135 245 3179 25
303 3102 628 3174 formatus
673 3115 770 3174 est
795 3130 984 3193 quem
1007 3110 1299 3175 Verbum
1323 3112 1668 3193 assumpsit
1700 3114 1766 3173 et
1788 3130 2009 3174 seeum
2030 3112 2405 3175 numeravit
2429 3130 2649 3193 unum,

303 3214 458 3297 quia
505 3212 797 3277 Verbum
843 3232 930 3276 ex
975 3232 1056 3277 ea
1100 3231 1234 3277 non
1297 3210 1728 3294 numerabile,
1784 3211 1899 3275 sed
1959 3231 2347 3296 corporeum
2406 3211 2651 3277 factum

303 3318 424 3378 est.
473 3314 664 3378 Patet
710 3313 778 3379 id
825 3314 994 3398 quod
1023 3334 1112 3378 ex
1155 3314 1436 3397 Virgine
1472 3318 1871 3398 assumptum
1904 3319 2021 3396 est,
2048 3316 2229 3397 prius
2272 3333 2406 3379 non
2450 3312 2651 3378 fuisse

303 3414 580 3479 alterius
625 3421 693 3480 et
736 3420 962 3499 postea
1005 3415 1228 3480 Verbo
1298 3414 1715 3499 adscriptum,
1764 3414 1879 3479 sed
1924 3419 2303 3480 constanter
2347 3414 2430 3479 ad
2484 3415 2651 3479 Ver-

301 3518 460 3605 bum
507 3519 840 3601 pertinere
887 3521 952 3581 et
998 3536 1232 3601 corpus
1279 3520 1420 3582 eius
1444 3520 1735 3601 agnosci,
1768 3516 1937 3601 quod
1960 3516 2315 3582 secundum
2344 3521 2651 3581 naturam

187 3643 248 3690 ao
305 3638 395 3683 ex
439 3620 630 3684 nobis
675 3624 776 3683 est
821 3624 886 3685 et
949 3619 1304 3685 secundum
1363 3639 1711 3703 personam
1758 3619 1841 3683 ad
1886 3620 2090 3683 Deum
2148 3611 2451 3702 pertinet,
2500 3622 2651 3702 quia

302 3719 478 3786 *non
523 3724 793 3806 sumpsit
839 3742 926 3786 ex
971 3726 1160 3786 utero
1207 3722 1371 3805 quod
1417 3741 1603 3786 suum
1649 3742 1783 3786 non
1829 3726 1991 3786 erat.
2040 3720 2301 3785 Etenim
2332 3740 2489 3786 earo
2520 3740 2653 3786 non
2706 3744 2764 3801 p.
2793 3728 2884 3785 59.

303 3821 594 3887 formata
637 3829 738 3887 est
782 3826 852 3887 in
896 3824 1132 3905 Maria,
1181 3827 1350 3888 sieut
1394 3824 1711 3888 Ieremias
1754 3827 1825 3886 in
1869 3828 2078 3905 uter0,
2127 3827 2193 3887 et
2239 3822 2473 3887 deinde
2504 3840 2653 3887 san-

301 3923 593 3990 ctificata
638 3930 706 3989 et
751 3931 1111 4011 assumpta3
1162 3926 1278 3991 sed
1323 3946 1499 4009 oar0,
1547 3926 1703 3991 lioet
1747 3946 1832 3990 ex
1877 3926 2067 3990 nobis
2112 3929 2215 4009 sit,
2250 3944 2508 4010 semper
2536 3922 2655 3990 Dei

303 4026 631 4103 creditum
679 4048 803 4093 neo
847 4027 1003 4093 licet
1049 4031 1294 4093 sentire
1341 4047 1489 4092 eam
1534 4031 1717 4112 prius
1761 4026 1962 4092 fuisse
2008 4028 2294 4095 hominis
2324 4034 2389 4092 et
2420 4027 2653 4092 deinde

189 4154 248 4199 85
305 4130 430 4193 Dei
477 4133 790 4213 agnitam.
839 4129 1006 4195 Nam
1051 4130 1119 4194 id
1165 4130 1332 4213 quod
1377 4150 1510 4194 non
1557 4130 1935 4212 exsistebat,
1968 4129 2035 4193 id
2066 4134 2164 4193 est
2196 4130 2429 4214 aliquis
2458 4130 2653 4195 homo

302 4234 478 4296 sieut
522 4252 690 4296 unus
736 4252 822 4297 ex
865 4233 1075 4315 nobiS,
1123 4234 1304 4317 prius
1350 4252 1483 4297 non
1528 4231 1775 4297 factum
1821 4236 1919 4296 est
1966 4236 2031 4296 et
2076 4230 2311 4296 deinde
2366 4250 2653 4316 assump-

303 4338 480 4409 tum;
529 4333 644 4398 sed
689 4334 860 4399 Deus
903 4334 1217 4416 Verbum,
1267 4338 1376 4418 qui
1421 4335 1801 4416 exsistebat,
1849 4332 2063 4398 factus
2109 4338 2207 4399 est
2244 4333 2440 4399 homo
2486 4334 2654 4418 quod

400 4537 418 4567 ²
456 4536 614 4600 Luc„
647 4550 688 4601 1,-
729 4537 814 4603 34,
851 4538 941 4592 35.

522 4721 659 4763 sYn.
702 4739 760 4747 -
801 4723 854 4764 B.
893 4738 962 4747 -
1000 4722 1185 4763 xxvn.
2404 4708 2440 4761 4
