3400 5642
237 1597 282 1642 lo

232 2619 279 2662 20

231 4155 279 4202 35

1270 539 1381 606 -κ,
1431 521 1557 586 123
1607 529 1716 604 2-oe-

328 672 570 748 nostra,
618 671 685 731 et
730 667 993 732 attritus
1037 670 1135 730 est
1181 671 1447 750 propter
1498 665 1908 748 iniquitatem
1951 669 2278 730 nostram:
2329 663 2670 750 disciplina

328 771 505 852 pacis
534 773 799 832 nostrae
830 787 1027 852 super
1056 787 1223 850 eum,
1256 772 1323 832 et
1352 766 1563 832 livore
1594 769 1738 830 eius
1757 768 1974 830 sanati
2005 785 2226 830 sumus
2254 763 2273 808 ¹
2299 786 2358 830 ».
2396 767 2476 830 Et
2505 765 2671 830 haec

327 875 591 955 propter
619 869 1037 935 maledictum
1068 868 1235 953 quod
1280 867 1583 933 Christus
1620 868 1880 933 futurus
1925 874 2071 933 erat
2117 867 2303 950 dixit,
2351 870 2502 952 quia
2547 866 2674 932 fuit

329 977 395 1036 in
447 972 877 1056 languoribus
923 974 1182 1051 nostriS,
1216 975 1283 1036 et
1313 973 1649 1055 passiones
1690 975 1955 1036 nostras
1998 989 2226 1054 passus
2255 975 2372 1052 est,
2421 974 2486 1034 et
2531 976 2673 1034 ten-

328 1080 501 1139 tatus
546 1078 643 1139 est
689 1074 1025 1140 laboribus
1068 1076 1330 1155 nostris,
1380 1079 1444 1138 et
1488 1073 1878 1138 verberatus
1925 1079 2042 1155 est,
2097 1077 2164 1137 et
2209 1091 2570 1157 percussuS,
2605 1075 2672 1136 et

328 1175 697 1260 crucifixus,
744 1182 809 1242 et
856 1179 1123 1260 occisus,
1172 1181 1239 1240 et
1284 1181 1577 1242 mortuus
1591 1196 1633 1259 ς,
1656 1175 1738 1240 de
1769 1180 2036 1260 peccato
2073 1181 2290 1240 autem
2335 1194 2470 1240 non
2515 1174 2672 1240 dicit

327 1299 473 1345 eum
519 1278 762 1344 factum
810 1299 951 1344 esse
971 1283 1369 1363 peccatum,
1400 1278 1516 1344 sed
1544 1276 1708 1342 illud
1738 1276 2080 1362 pertulisse
2107 1277 2166 1341 ²:
2219 1297 2256 1340 <
2281 1277 2522 1342 Omnes
2550 1295 2672 1340 nos

326 1384 508 1466 quasi
552 1401 711 1446 oves
756 1383 1161 1458 erravimus;
1210 1383 1645 1464 unusquisque
1698 1381 1780 1444 in
1824 1381 2002 1444 viam
2063 1399 2248 1443 suam
2292 1379 2668 1460 declinavit,

327 1489 387 1549 et
418 1485 731 1549 Dominus
758 1483 1030 1550 tradidit
1061 1501 1210 1548 eum
1241 1489 1507 1568 propter
1536 1488 1804 1567 peccata
1833 1487 2100 1558 nostra3
2135 1486 2200 1546 et
2231 1501 2378 1547 cum
2407 1483 2672 1546 attritus

328 1592 423 1652 est
466 1606 609 1652 non.
648 1589 905 1671 aperuit
950 1606 1023 1652 os
1068 1607 1254 1652 suum
1288 1608 1346 1651 ».
1397 1585 1543 1651 Non
1574 1591 1882 1670 tanquam
1914 1605 2068 1650 reus
2097 1587 2319 1667 tacuit,
2361 1583 2476 1649 sed
2505 1585 2672 1648 sicut

328 1691 381 1752 is
410 1691 521 1773 qui
550 1686 923 1754 voluntarie
955 1691 1219 1754 attritus
1250 1695 1365 1754 est.
1404 1709 1441 1753 «
1466 1687 1645 1752 Sicut
1668 1706 1882 1771 agnus
1905 1687 1988 1752 ad
2019 1689 2410 1752 occisionem
2443 1685 2674 1752 ductus

327 1797 439 1874 est,
489 1795 557 1856 et
601 1794 784 1876 quasi
830 1793 975 1856 ovis
1004 1811 1227 1856 coram
1280 1791 1589 1856 tondente
1636 1810 1708 1855 se
1753 1809 1886 1854 non
1917 1792 2174 1875 aperuit
2219 1809 2294 1854 os
2337 1801 2523 1854 suum
2549 1787 2574 1830 ³
2609 1809 2668 1851 ».

325 1894 587 1977 Iterum,
615 1892 771 1958 dicit
816 1911 965 1958 eum
1010 1895 1081 1957 in
1126 1892 1581 1957 humiliatione
1628 1911 1748 1957 sua
1793 1911 1928 1956 non
1980 1893 2313 1976 aperuisse
2344 1911 2418 1956 os
2463 1909 2670 1973 suum,

326 2016 454 2061 non
499 2002 722 2061 tamen
770 1998 919 2079 quia
964 1998 1231 2060 vincere
1278 2014 1411 2060 non
1457 1999 1732 2080 poterat.
1787 2016 1823 2059 ⁴<
1856 1994 2270 2078 Iniquitatem
2317 2012 2450 2058 non
2496 1992 2670 2074 fecit,

255 2109 279 2152 5
328 2118 446 2163 nec
493 2096 677 2163 dolus
716 2101 1023 2162 inventus
1052 2103 1151 2162 est
1180 2100 1251 2161 in
1282 2116 1399 2162 ore
1429 2099 1587 2162 eius.
1638 2096 1722 2162 Et
1751 2097 2064 2161 Dominus
2092 2095 2300 2161 voluit
2329 2101 2671 2160 conterere

327 2221 469 2264 eum
518 2203 588 2264 in
634 2199 1013 2264 infirmitate
1040 2203 1063 2242 ⁴
1099 2221 1157 2263 ».
1205 2198 1681 2264 Contritionem
1727 2202 1902 2264 enim
1949 2202 2020 2262 in
2065 2218 2257 2264 cruce
2305 2200 2574 2282 accepit,
2608 2201 2674 2260 et

326 2323 439 2387 per
484 2323 633 2368 eam
669 2303 859 2367 nobis
889 2305 1418 2388 propitiationem
1449 2301 1639 2378 fecit;
1673 2307 1740 2365 et
1767 2301 1982 2366 factus
2011 2307 2110 2365 est
2139 2303 2210 2364 in
2241 2299 2669 2385 passionibus»,

327 2410 387 2469 et
432 2409 712 2470 mortem
758 2404 974 2486 subiit,
1021 2410 1092 2467 ut
1136 2423 1259 2468 nos
1303 2423 1421 2488 per
1464 2406 1593 2468 ista
1638 2421 2046 2468 sanaremur.

412 2505 644 2590 Igitur,
668 2509 859 2571 sicut
906 2505 1065 2589 dixi,
1114 2505 1281 2570 duae
1328 2511 1480 2571 sunt
1522 2504 1854 2570 maledicti
1899 2507 2177 2589 species:
2227 2524 2423 2568 unum
2473 2503 2674 2568 male·

328 2607 567 2674 dictum
614 2612 998 2693 agnoscitur
1026 2629 1112 2672 ex
1141 2608 1479 2673 voluntate
1510 2627 1672 2689 esse,
1709 2607 1988 2672 alterum
2018 2626 2182 2671 vero
2213 2627 2299 2671 ex
2329 2609 2672 2672 sententia.

326 2709 742 2776 Maledictum
788 2713 963 2775 enim
1010 2712 1261 2795 peccati
1292 2729 1379 2774 ex
1424 2709 1762 2774 voluntate
1810 2714 1928 2791 est,
1961 2708 2376 2776 maledictum
2425 2727 2674 2793 poenae

327 2833 407 2878 ex
452 2814 724 2877 iustitia.
772 2811 939 2877 Illud
985 2811 1179 2878 homo
1225 2812 1385 2894 vult,
1432 2811 1557 2876 hoc
1618 2816 1838 2876 autem
1883 2810 2074 2895 fugit,
2122 2817 2300 2876 certe
2355 2813 2504 2894 quia
2550 2809 2676 2876 hoc

326 2936 469 2980 eum
514 2918 817 3001 passione
866 2920 932 2980 et
977 2915 1203 2980 dolore
1252 2914 1504 2998 affligit.
1554 2913 1894 2979 Sententia
1941 2917 2116 2979 enim
2161 2914 2366 2978 *solet
2403 2911 2676 2978 diffundi
2770 2954 2785 2970 .

327 3039 519 3103 super
561 3023 886 3082 tumorem
932 3019 1203 3102 peccati,
1252 3023 1317 3082 et
1361 3019 1611 3081 iustitia
1660 3015 1974 3082 adhibere
2021 3020 2408 3101 passionem,
2457 3021 2528 3081 ut
2557 3035 2676 3100 per

326 3119 614 3185 dolorem
638 3123 1049 3204 iniquitatem
1064 3139 1150 3184 ex
1174 3119 1584 3203 negligentia
1608 3125 1824 3184 ortam
1849 3117 2128 3202 auferat,
2155 3124 2220 3182 et
2244 3139 2362 3204 per
2379 3116 2674 3182 affiictio-

325 3242 471 3288 nem
518 3225 813 3307 corporis
842 3223 1255 3308 peccatorem
1288 3224 1610 3306 passionis
1640 3240 1998 3286 memorem
2030 3220 2261 3285 reddat
2309 3241 2502 3304 quam
2533 3222 2676 3284 ani-

326 3344 467 3389 mae
498 3323 903 3390 accidentem
935 3343 1067 3388 non
1099 3326 1407 3408 percepit.
1432 3321 1862 3408 Quapropter,
1886 3322 2179 3386 libertati
2209 3341 2412 3386 suave
2443 3327 2542 3386 est
2565 3321 2678 3385 de-

326 3426 635 3491 siderium
682 3425 967 3491 fructum
1014 3428 1265 3510 peccati
1310 3424 1645 3510 carpendi,
1692 3444 1922 3489 amara
1969 3428 2188 3490 autem
2227 3443 2436 3508 poena
2483 3443 2676 3508 quam

326 3533 589 3612 propter
633 3533 968 3612 peccatum
1000 3530 1249 3592 iustitia
1282 3529 1571 3610 imponit.
1606 3525 1820 3610 Igitur
1849 3545 2050 3590 unum
2081 3545 2171 3590 ex
2199 3525 2304 3589 his
2343 3522 2678 3590 effectibus

328 3633 596 3712 peccati,
626 3633 911 3714 inquam,
944 3629 1245 3694 Christus
1274 3628 1457 3705 tulit;
1490 3629 1609 3694 sub
1642 3629 1852 3694 altero
1883 3634 2104 3693 autem
2133 3627 2344 3692 factus
2375 3633 2490 3691 est.
2510 3627 2678 3690 Pec-

326 3737 537 3795 catum
586 3734 760 3796 enim
789 3751 925 3795 non
970 3730 1183 3796 factus
1228 3738 1343 3814 est,
1410 3730 1525 3795 sed
1569 3737 1837 3815 peccata
1883 3735 2110 3794 nostra
2162 3732 2233 3794 in
2279 3749 2348 3794 se
2395 3727 2673 3792 sustulit.

328 3833 742 3900 Maledictum
802 3853 985 3916 ver0,
1032 3839 1104 3897 ut
1150 3832 1392 3898 dictum
1440 3839 1557 3916 est,
1620 3832 1834 3897 factus
1880 3837 1998 3915 est,
2061 3835 2214 3916 quia
2259 3829 2674 3896 maledictum

326 3955 479 4001 vere
512 3941 825 4020 expertus
856 3941 953 4000 est
984 3935 1136 4000 dum
1162 3933 1657 4000 crucifixionem
1689 3939 1756 3999 et
1779 3939 2056 4000 mortem
2081 3934 2296 3998 subiit.
2333 3934 2476 3998 Non
2501 3935 2677 3998 enim

326 4058 599 4121 poenam
625 4038 779 4102 tulit
808 4043 881 4102 ut
911 4037 1106 4103 alteri
1150 4041 1531 4122 imponeret,
1567 4037 2104 4121 quemadmodum
2150 4036 2376 4100 Iudaei
2415 4053 2676 4100 crucem

329 4160 517 4223 quam
562 4143 627 4204 ei
672 4142 1116 4225 imposuerant
1146 4140 1437 4204 tulerunt
1466 4145 1531 4204 et
1562 4143 2010 4224 imposuerunt
2053 4142 2128 4203 ei.
2148 4157 2336 4222 quem
2366 4140 2678 4222 angaria-

330 4249 581 4326 verunt,
630 4242 919 4307 Simeoni
962 4242 1361 4326 Cyrenensi;
1419 4242 1533 4307 sed
1576 4244 1716 4326 ipse
1763 4242 1882 4306 sub
1927 4261 2138 4326 poena
2191 4241 2404 4307 factus
2465 4247 2564 4306 est
2607 4246 2678 4303 ut

329 4364 444 4410 nos
490 4346 573 4410 ab
620 4366 700 4410 ea
730 4345 1063 4410 liberaret.
1114 4345 1278 4410 Nam
1310 4348 1530 4409 statim
1562 4363 1641 4409 ac
1672 4349 1996 4409 venerunt
2027 4348 2098 4408 in
2128 4345 2339 4410 locum
2387 4345 2500 4408 ubi
2531 4363 2677 4409 cru-

419 4565 431 4594 ¹
463 4568 547 4633 113.⁹
573 4581 693 4632 mn,
721 4567 833 4622 4-5.
858 4597 928 4606 —
966 4565 1102 4630 ²1s„
1138 4580 1260 4631 Lm.
1296 4567 1348 4621 6.
1390 4597 1451 4607 -
1495 4566 1631 4630 ⁸1s.,
1666 4579 1788 4634 mu,
1824 4568 1878 4621 7.
1914 4597 1983 4612 -—
2024 4566 2158 4631 ‘1s.,
2194 4581 2314 4631 Lm,
2351 4568 2499 4622 9-10.
