3400 5642
1692 500 1803 583 -κς
1851 500 2096 584 110)ae-

722 643 1036 708 credere?
1068 643 1237 708 Ecce
1268 646 1445 708 enim
1467 663 1613 708 cum
1646 641 2021 708 ostenderet
2045 659 2316 708 carnem
2346 660 2646 707 sermone
2679 661 2826 706 eum
2853 641 3070 706 docuit

722 745 1025 810 credere:
1080 767 1115 810 ‹<
1148 745 1389 810 Vidisti
1434 745 1673 809 Filium
1720 745 1857 828 Dei,
1905 749 1971 808 et
2003 747 2111 828 qui
2141 744 2430 828 loquitur
2457 749 2674 809 tecum
2705 747 2843 828 ipse
2875 749 2972 809 est
2998 765 3064 822 »;

722 853 788 912 et
834 868 981 913 cum
1027 848 1377 929 hominem,
1426 849 1519 912 ita
1558 849 1734 910 enim
1764 846 2130 929 videbatur,
2165 845 2556 929 ostenderet,
2589 865 2738 910 eum
2769 849 3069 911 incitavit

722 955 793 1014 ut
840 953 909 1014 in
954 950 1191 1013 Filium
1238 949 1355 1013 Dei
1400 949 1719 1015 crederet.
1769 947 1852 1013 Et
1897 948 2164 1031 idcirce,
2213 953 2552 1033 postquam
2603 948 2862 1013 edocuit
2920 967 3069 1014 cae-

722 1072 906 1134 cum,
956 1055 1013 1116 is
1072 1055 1293 1116 statim
1340 1070 1419 1116 ac
1480 1050 1734 1115 audivit
1796 1049 2002 1115 dixit:
2073 1071 2109 1114 ⁴<
2141 1049 2374 1134 Crede,
2431 1051 2720 1116 Domine.
2782 1051 2862 1114 Et
2921 1070 3070 1134 pro-
3150 1071 3178 1116 5

722 1153 945 1219 cidens
990 1153 1294 1218 adoravit
1341 1172 1488 1217 eum
1523 1174 1581 1217 2».
1633 1153 1902 1218 Veritas
1947 1155 2122 1218 enim
2167 1173 2310 1218 sese
2357 1155 2672 1218 scientiae
2717 1172 2852 1216 non
2881 1172 3069 1219 reve-

720 1257 813 1320 lat
858 1275 941 1320 ne
988 1259 1115 1321 ista
1162 1259 1233 1319 in
1277 1256 1645 1320 Veritatem
1690 1276 1760 1320 se
1809 1275 2124 1322 exercere
2187 1255 2425 1320 audeat
2471 1257 2639 1320 sicut
2691 1256 2760 1320 in
2809 1254 2942 1319 alia
2987 1255 3067 1320 de

489 1376 548 1434 p.
576 1363 665 1419 46.
722 1359 951 1442 quibus
995 1358 1329 1442 disputare
1361 1357 1546 1440 solet,
1580 1378 1729 1422 eam
1759 1363 1982 1424 tamen
2021 1357 2305 1442 disponit
2335 1363 2408 1422 ut
2442 1355 2638 1422 fidem
2666 1355 2959 1422 *tantum
2988 1358 3066 1424 de

718 1463 860 1544 ipsa
908 1459 1134 1542 discat,
1183 1464 1248 1523 et
1294 1457 1540 1542 credat,
1590 1464 1653 1523 et
1700 1459 1999 1525 omnibus
2044 1458 2252 1524 modis
2296 1457 2489 1524 fidem
2535 1464 2774 1524 servet.

806 1562 947 1628 Hac
994 1581 1157 1646 ergo
1203 1559 1329 1625 fide
1374 1581 1495 1626 nos
1543 1561 1926 1646 gloriamur,
1975 1567 2042 1626 et
2087 1579 2206 1645 per
2249 1563 2459 1646 ipsam
2509 1561 2912 1645 thesaurum,
2962 1565 3069 1646 qui
3121 1577 3172 1624 lo

719 1665 908 1730 nobis
954 1666 1332 1729 commissus
1370 1669 1486 1746 est,
1521 1664 1848 1729 custodire
1881 1683 2204 1729 curamus.
2239 1662 2564 1748 Scriptum
2595 1670 2692 1728 est
2723 1665 2898 1728 hunc
2926 1664 3068 1728 the-

719 1787 986 1831 saurum
1034 1765 1477 1830 absconditum
1525 1765 1728 1831 fuisse
1775 1769 1846 1831 in
1892 1785 2056 1850 agro
2091 1762 2148 1842 ι;
2199 1787 2389 1850 quem
2435 1768 2544 1850 qui
2593 1769 2926 1831 invenisse
2973 1767 3069 1830 di-

718 1871 907 1950 citur,
957 1887 1185 1932 rursus
1230 1871 1485 1951 operuit
1530 1873 1596 1932 et
1642 1867 2012 1944 abscondit3
2063 1873 2128 1932 et
2174 1867 2430 1932 laetitia
2476 1871 2618 1933 eius
2661 1867 2742 1932 de
2790 1889 2888 1952 eo,
2935 1888 3067 1933 non

717 1990 876 2034 vero
922 1971 1347 2052 investigatio
1400 1972 1579 2035 circa
1626 1989 1794 2052 eum,
1859 1989 2101 2054 magna
2145 1968 2289 2034 fuit.
2338 1968 2497 2043 Quis
2541 1975 2762 2035 autem
2815 1975 2914 2035 est
2959 1969 3067 2035 hic

714 2070 1107 2136 thesaurus?
1167 2071 1303 2154 Est,
1350 2077 1422 2136 ut
1484 2074 1736 2156 opinor,
1783 2072 2076 2137 Verbum
2122 2072 2243 2136 Dei
2301 2074 2372 2136 in
2417 2091 2618 2136 carne
2680 2072 3062 2138 revelatum.
3120 2085 3171 2132 15

714 2173 1111 2258 Quicumque
1160 2193 1309 2238 eum
1353 2177 1625 2257 invenit,
1660 2175 1990 2238 silentium
2023 2176 2202 2239 circa
2233 2179 2560 2239 secretum
2587 2177 2732 2238 eius
2767 2193 3069 2258 praeser-

714 2280 829 2342 tim
876 2282 1100 2342 servat
1146 2282 1211 2342 et
1257 2277 1467 2341 credit
1512 2297 1660 2341 eum
1691 2294 1950 2361 semper
1979 2275 2451 2360 absconditum,
2485 2279 2636 2361 quia
2667 2282 2844 2362 patet
2874 2275 3068 2341 fidem

713 2382 891 2444 circa
938 2400 1017 2444 ea
1065 2399 1229 2462 quae
1270 2379 1695 2443 declarantur
1727 2380 1952 2462 minui,
1985 2398 2286 2444 crescere
2318 2398 2479 2444 vero
2527 2384 2592 2443 et
2641 2382 2875 2462 augeri
2921 2398 3068 2442 cum

712 2481 1039 2565 intellegit
1084 2480 1151 2544 id
1198 2480 1365 2564 quod
1411 2479 1618 2545 credit
1665 2500 1922 2565 semper
1955 2480 2614 2564 incomprehensibile
2654 2500 3063 2565 permanere.

717 2581 941 2666 Itaque
989 2585 1045 2646 si
1066 2582 1294 2646 Filius
1340 2582 1458 2646 Dei
1504 2602 1544 2646 a
1582 2583 1901 2667 propheta
1936 2603 1973 2647 «
2006 2581 2433 2648 Admirabilis
2464 2603 2502 2647 »
2537 2581 2900 2667 appellatus
2929 2587 3060 2646 est:
3115 2596 3168 2644 20

718 2705 753 2748 ‹<
786 2685 1150 2750 Vocabitur
1177 2704 1418 2749 nomen
1452 2687 1593 2749 eius
1623 2684 2050 2750 Admirabilis
2081 2706 2118 2750 »
2151 2683 2197 2768 2,
2232 2704 2433 2769 quare
2464 2704 2596 2749 non
2627 2704 2886 2770 semper
2915 2684 3068 2749 talis

714 2786 1077 2852 credendus
1125 2791 1313 2868 esset,
1362 2789 1501 2850 sive
1548 2786 1761 2871 quoad
1805 2791 2114 2852 naturam
2159 2807 2364 2870 suam,
2413 2789 2553 2851 sive
2601 2786 2810 2869 quoad
2841 2789 3067 2850 varias

714 2908 865 2954 suas
913 2891 1345 2974 operationeS,
1394 2891 1533 2954 sive
1567 2888 1778 2972 quoad
1825 2909 2011 2954 suam
2042 2909 2160 2973 pro
2191 2889 2382 2954 nobis
2413 2887 3065 2954 inhumanationem?

714 2989 1075 3054 Credamus
1106 3010 1288 3074 erg0,
1322 2992 1490 3055 sicut
1520 2993 1834 3074 scriptum
1865 2996 1981 3074 est,
2015 2991 2310 3055 Verbum
2338 2989 2584 3056 factum
2607 3010 2750 3054 esse
2775 3009 3063 3074 carnem,

714 3092 1173 3176 intellegentes
1205 3093 1396 3157 simul
1433 3094 1729 3158 Verbum
1759 3097 1830 3157 in
1861 3113 2130 3158 carnem
2159 3113 2294 3158 non
2325 3112 2717 3158 conversum
2747 3113 2910 3175 esse,
2943 3113 3067 3158 nec
3117 3107 3168 3154 π

714 3214 984 3258 carnem
1028 3197 1099 3259 in
1142 3199 1449 3260 naturam
1495 3195 1720 3259 Verbi.
1770 3196 2064 3260 Verbum
2116 3215 2250 3259 non
2295 3214 2437 3260 esse
2494 3199 2832 3277 mutatum,
2881 3198 3067 3260 testis

713 3301 811 3360 est
858 3296 1073 3380 gloria
1120 3300 1263 3363 eius
1308 3295 1387 3362 de
1433 3317 1560 3382 qua
1607 3297 1856 3362 dictum
1887 3303 1985 3361 est
2016 3296 2075 3360 3:
2116 3317 2153 3361 <
2185 3295 2484 3361 Vidimus
2515 3295 2797 3380 gloriam
2829 3299 2971 3362 eius
3002 3318 3062 3380 2»,

714 3401 913 3463 etiam
961 3404 1297 3484 postquam
1343 3398 1589 3465 factum
1635 3405 1733 3464 est
1780 3419 1958 3483 caro,
2010 3420 2046 3463 «
2082 3399 2364 3484 gloriam
2411 3400 2596 3482 quasi
2640 3399 2980 3482 Unigeniti
3026 3419 3065 3464 a

712 3501 933 3583 Patre,
980 3501 1243 3585 plenum
1291 3504 1547 3584 gratiae
1595 3505 1661 3565 et
1706 3504 2010 3565 veritatis
2041 3522 2100 3566 ».

800 3601 1090 3666 Verbum
1136 3603 1263 3666 sibi
1322 3605 1788 3666 vestimentum
1847 3622 1981 3667 non
2026 3605 2269 3668 textuit
2317 3602 2602 3686 illudque
2649 3602 2895 3678 induit;
2943 3623 3066 3668 nec
3115 3619 3167 3665 eo

710 3704 1017 3788 templum
1080 3705 1207 3768 sibi
1268 3702 1641 3769 aedificavit
1688 3709 1753 3768 et
1799 3707 1868 3768 in
1915 3725 1994 3770 eo
2041 3705 2398 3782 habitavit3
2448 3725 2572 3770 nec
2633 3704 2894 3770 domum
2940 3705 3065 3769 sibi

712 3809 1041 3870 exstruxit
1088 3811 1153 3869 et
1198 3808 1267 3869 in
1314 3825 1393 3870 ea
1442 3812 1912 3871 commoratum
1945 3814 2074 3884 est3
2125 3827 2246 3872 nec
2293 3807 2594 3892 clypeum
2624 3808 2750 3871 sibi
2780 3805 3063 3872 fabrica-

711 3910 808 3971 vit
856 3913 919 3971 et
966 3909 1179 3991 posuit
1226 3928 1421 3991 super
1470 3906 1711 3973 faciem
1758 3912 2057 3993 mysterii
2109 3912 2241 3986 sui3
2291 3929 2413 3974 nec
2457 3912 2530 3973 in
2575 3928 2849 3993 corpore
2905 3909 3065 3974 alte-

710 4011 851 4073 rius
911 4009 1213 4092 hominiS,
1279 4014 1387 4094 qui
1434 4015 1579 4075 erat
1640 4013 1807 4076 sicut
1851 4031 2020 4076 unus
2081 4032 2169 4076 ex
2212 4014 2420 4094 iustiS‚
2483 4013 2754 4087 mansit;
2819 4031 2942 4075 nec
2995 4013 3064 4074 in

712 4113 1022 4176 membris
1068 4115 1288 4178 carnis
1334 4113 1660 4177 habitavit
1707 4116 1873 4178 sicut
1919 4117 2098 4179 cives
2143 4117 2214 4178 in
2259 4135 2376 4180 sua
2423 4116 2724 4191 civitate3
2759 4133 2882 4179 nec
2912 4131 3064 4197 pur·
3114 4129 3166 4174 ss

712 4233 916 4298 purea
962 4217 1026 4278 ei
1072 4220 1306 4299 parata
1352 4219 1503 4278 sunt
1548 4217 1618 4278 in
1663 4222 1872 4299 utero,
1921 4215 2037 4280 sed
2083 4236 2259 4299 caro,
2309 4218 2460 4300 quia
2505 4215 2574 4280 id
2618 4235 2751 4281 non
2797 4214 2954 4281 fecit
2992 4221 3063 4279 ut

480 4338 538 4396 p.
571 4325 657 4380 47.
713 4321 1060 4400 regnaret:
1110 4314 1272 4380 *rex
1316 4319 1491 4380 enim
1554 4323 1699 4382 erat
1746 4321 1946 4382 etiam
1993 4323 2339 4402 antequam
2385 4321 2866 4400 incarnaretur,
2917 4338 3062 4383 cum

802 4535 820 4566 ¹
860 4535 938 4590 Cf.
984 4535 1245 4600 Mxrrn„
1286 4550 1411 4598 xm,
1448 4537 1535 4591 44.
1574 4567 1643 4574 —
1682 4536 1703 4567 ²
1741 4537 1828 4604 Is„
1866 4551 1950 4600 1x,
1997 4537 2046 4590 6.
2091 4567 2160 4576 -
2200 4535 2221 4566 ⁸
2257 4537 2488 4601 Ionan..
2523 4539 2686 4604 1,,14.
