3400 5642
534 2146 593 2202 p.
616 2131 734 2186 154.

1734 541 2196 630 «(116)»

781 690 990 756 verba
1052 696 1118 755 et
1186 689 1544 755 locutiones
1603 687 1978 774 Scripturae
2027 692 2091 752 et
2151 687 2518 766 Doctorum,
2568 706 2915 770 omnesque
2963 687 3130 751 alias

784 791 1063 877 Spiritus
1108 795 1467 856 sententias
1512 794 1903 856 reiecerunt.
1951 789 2036 854 Et
2081 787 2342 873 quidam
2365 789 2685 854 haeretici
2716 792 2848 853 vim
2874 795 3128 854 senten-

784 897 1025 958 tiarum
1073 894 1289 958 alieno
1336 913 1529 958 sensu
1591 893 2086 957 intellexerunt:
2152 890 2250 954 illi
2304 895 2520 955 autem
2569 893 2677 975 qui
2735 911 2907 956 nunc
2956 894 3130 956 intus

785 994 1116 1079 dimicant,
1164 997 1220 1060 Ν
1224 998 1540 1061 estoriani
1582 1013 1816 1079 nempe
1847 999 1914 1058 et
1942 993 2359 1078 Eutychiani,
2393 1012 2618 1056 omnes
2655 997 2922 1057 sanctae
2955 991 3127 1057 Scri-

785 1105 1018 1184 pturae
1084 1101 1443 1164 sententias
1504 1099 1802 1182 accipere
1863 1095 2187 1178 videntur,
2251 1094 2364 1160 sed
2417 1098 2487 1159 in
2549 1096 2772 1159 verbis
2833 1115 2998 1179 quae
3049 1094 3125 1158 de

784 1203 1326 1268 inhumanatione
1374 1201 1614 1284 dicunt,
1664 1204 1912 1282 errant,
1945 1219 2076 1264 non
2101 1198 2310 1263 solum
2334 1201 2482 1282 quia
2506 1218 2638 1262 non
2671 1201 2888 1262 omnia
2922 1199 3127 1262 verba

786 1305 978 1369 simul
1022 1307 1366 1389 recipiunt,
1414 1303 1529 1368 sed
1574 1305 1726 1387 quia
1772 1303 2036 1386 quisque
2083 1321 2310 1366 eorum
2356 1321 2436 1365 ea
2469 1319 2632 1384 quae
2658 1303 2908 1384 recipit,
2937 1300 3130 1365 aliter

788 1406 1134 1491 intellegit.

876 1509 959 1573 Et
1002 1512 1285 1594 primum
1332 1513 1509 1592 patet
1540 1528 1653 1573 eos
1696 1510 1872 1571 inter
1900 1505 2070 1571 filios
2117 1505 2446 1570 Ecclesiae
2491 1525 2626 1570 non
2657 1525 2818 1588 esse,
2853 1525 2932 1570 eo
2966 1505 3132 1588 quod

788 1613 1221 1694 unusquisque
1268 1609 1503 1674 horum
1548 1629 1629 1673 ea
1676 1628 1840 1693 quae
1887 1608 2013 1672 sibi
2057 1607 2314 1692 placent
2359 1606 2548 1690 eligit
2601 1613 2665 1671 et
2719 1613 2931 1689 sumit,
2968 1610 3134 1672 sicut

789 1712 868 1777 de
915 1711 1065 1776 aliis
1110 1711 1464 1776 haereticis
1494 1731 1710 1776 sermo
1740 1714 1965 1775 noster
1995 1713 2127 1774 iam
2157 1709 2456 1774 ostendit.
2505 1708 2903 1793 Eutychiani
2960 1712 3136 1774 enim

790 1835 907 1899 per
952 1814 1099 1878 illa:
1153 1834 1190 1878 «
1224 1814 1393 1878 Deus
1438 1813 1650 1878 factus
1694 1819 1813 1896 est,
1860 1815 2314 1897 incorporatus
2360 1817 2476 1894 est,
2525 1830 2876 1896 corporeus
2923 1811 3138 1876 factus

790 1922 907 2000 est,
954 1919 1338 1981 incarnatus
1383 1922 1500 1999 est,
1533 1916 2000 1980 inhumanatus
2030 1921 2128 1979 est
2159 1935 2218 1995 2»,
2245 1914 2635 1998 intellegunt
2667 1935 2815 1978 eum
2845 1917 3130 1999 speciem

790 2025 857 2083 et
900 2021 1349 2104 apparentiam
1397 2019 1752 2083 humanam
1797 2023 2049 2082 tantum
2095 2016 2435 2092 hahuisse;
2484 2037 2634 2080 eum
2681 2022 2898 2081 autem
2955 2015 3137 2100 quid-

792 2141 983 2205 quam
1032 2141 1117 2186 ex
1163 2121 1378 2185 Maria
1422 2123 1789 2205 sumpsisse,
1837 2119 1905 2184 id
1949 2125 2067 2202 est,
2113 2119 2286 2184 hanc
2315 2117 2882 2204 *corporalitatem
2905 2121 2978 2182 in
3012 2137 3138 2202 qua

792 2244 860 2288 se
907 2223 1374 2306 manifestavit,
1400 2222 1619 2287 dicere
1668 2228 1990 2286 recusant.
2038 2221 2435 2285 Existimant
2482 2223 2655 2284 enim
2689 2219 2874 2304 quod,
2902 2223 2960 2284 si
2987 2219 3140 2304 quid

792 2345 877 2391 ex
925 2327 1139 2390 Maria
1185 2333 1505 2411 sumptum
1552 2332 1740 2408 esset,
1772 2329 2244 2389 incrementum
2269 2327 2340 2387 in
2361 2325 2658 2388 trinitate
2689 2322 2933 2388 factum
2969 2328 3142 2387 esset

792 2435 857 2494 et
901 2432 1166 2494 trinitas
1210 2428 1474 2513 aliquid,
1524 2428 1691 2512 quod
1737 2448 1823 2492 ex
1868 2430 2082 2512 seipsa
2126 2446 2258 2491 non
2281 2431 2470 2508 esset,
2497 2418 2869 2510 accepisset.
2905 2425 3138 2490 Nesto-

793 2535 967 2596 riani
1011 2551 1171 2595 vero
1234 2552 1351 2616 per
1411 2532 1532 2596 has
1592 2531 1759 2596 alias
1819 2530 2209 2595 locutiones:
2262 2549 2299 2593 «
2333 2531 2695 2613 assumpsit,
2743 2531 2964 2592 unitus
3013 2533 3132 2610 est,

793 2633 1021 2716 induit,
1069 2633 1413 2716 habitavit,
1476 2633 1868 2715 adhaesit»,
1930 2633 2158 2717 quibus
2217 2651 2287 2695 se
2350 2633 2656 2695 assentiri
2716 2628 3128 2714 profitentur,

793 2736 1089 2800 stabilire
1136 2734 1533 2800 contendunt
1576 2733 1910 2799 Christum
1954 2739 2221 2818 propter
2277 2734 2402 2797 hoc
2449 2732 2610 2797 duas
2669 2737 2943 2796 naturas
2993 2753 3140 2797 esse

794 2841 859 2900 et
905 2840 1134 2921 putant
1178 2838 1485 2900 unionem
1533 2835 1617 2900 ad
1661 2855 1984 2919 prosopon
2027 2840 2302 2917 tantum,
2351 2853 2482 2898 non
2529 2839 2746 2898 autem
2807 2835 3006 2897 etiam
3055 2833 3143 2898 ad

795 2945 1100 3003 naturam
1146 2941 1494 3022 pertinere.
1544 2937 1687 3020 Qui,
1723 2937 1875 3001 dum
1905 2957 2022 3022 per
2045 2936 2158 3002 illa
2190 2937 2395 3001 verba
2428 2935 2774 3001 ostendunt
2805 2955 2873 2999 se
2906 2942 3145 3000 contra

796 3039 1160 3104 doctrinam
1223 3039 1604 3123 Eutychetis
1664 3041 1997 3123 sapienter
2055 3057 2371 3123 pugnare,
2433 3039 2558 3121 ipsi
2619 3039 2791 3120 capti
2853 3039 2925 3099 in
2973 3037 3146 3101 alias

796 3143 1135 3225 opiniones
1195 3141 1566 3205 haereticas
1622 3140 1936 3206 incidunt.
1984 3140 2261 3222 Etenim,
2311 3159 2390 3204 eo
2437 3139 2604 3223 quod
2651 3139 2869 3222 aquua
2932 3139 3145 3204 verba

797 3250 861 3307 et
906 3242 1285 3326 locutiones,
1334 3263 1498 3327 quae
1544 3263 1740 3306 sensu
1771 3242 2136 3307 orthodoxo
2159 3241 2334 3307 dicta
2363 3247 2532 3324 sunt,
2561 3244 2886 3324 reiiciunt,
2923 3240 3148 3325 aliqua

796 3365 958 3410 vero
1004 3348 1347 3430 recipiunt,
1398 3348 1557 3409 satis
1617 3344 1932 3429 probatur
1975 3363 2089 3408 eos
2135 3363 2276 3408 esse
2335 3342 2517 3407 fures
2563 3348 2629 3406 et
2674 3342 2968 3406 latrones
3021 3362 3150 3407 nec

798 3467 917 3532 per
960 3450 1227 3512 ianuam
1273 3451 1343 3510 in
1390 3446 1561 3510 ovile
1607 3449 1881 3510 intrare.
1929 3445 2055 3510 Sed
2101 3449 2396 3530 quamvis
2439 3444 2648 3509 verba
2672 3443 2998 3508 violenter
3035 3442 3152 3508 de-

798 3552 1190 3634 sumpserint
1236 3556 1301 3613 et
1346 3569 1545 3612 unum
1590 3549 1673 3614 ab
1722 3549 1853 3615 alio
1899 3549 2261 3630 diviserint,
2311 3567 2513 3632 eaque
2540 3548 2870 3612 abstracta
2895 3546 3151 3630 disper-

799 3655 1006 3717 serint
1052 3656 1117 3715 et
1164 3650 1643 3735 dissipaverint,
1692 3654 1842 3735 quia
1887 3671 2020 3716 non
2067 3657 2215 3716 sunt
2259 3671 2346 3714 ex
2391 3651 2623 3715 ovibus
2683 3669 2846 3733 quae
2905 3669 3143 3714 vocem

798 3757 1079 3838 pastoris
1125 3760 1544 3836 cognoscunt,
1575 3773 1696 3818 nos
1727 3753 2034 3818 debemus
2061 3756 2132 3817 in
2163 3752 2460 3817 omnibus
2506 3752 2748 3834 verhiS,
2783 3750 3146 3818 secundum

799 3875 1059 3920 sensum
1120 3857 1228 3938 qui
1287 3852 1627 3920 vivificare
1688 3858 1907 3940 possit,
1972 3855 2261 3938 gaudere
2309 3858 2372 3918 et
2432 3854 2688 3934 laetari,
2747 3873 2947 3936 eaque
3011 3872 3156 3916 non

800 3957 1009 4021 solum
1055 3955 1435 4040 simpliciter
1481 3961 1776 4042 recipere
1821 3952 1936 4021 sed
1981 3961 2156 4022 recte
2203 3959 2607 4040 investigare
2633 3961 2698 4019 et
2730 3954 3149 4038 intellegere.

802 4061 880 4122 Et
928 4060 1077 4142 quia
1123 4057 1416 4122 Ecclesia
1462 4059 1716 4123 Novum
1763 4064 1828 4124 et
1870 4059 2076 4124 Vetus
2121 4058 2606 4122 Testamentum
2653 4057 2736 4122 ab
2783 4057 3154 4120 haereticis

802 4163 1083 4245 antiquis
1130 4163 1377 4244 accepit
1424 4160 1827 4245 ostenditque
1873 4161 2077 4226 libros
2122 4166 2188 4225 et
2233 4162 2610 4242 sententiaS,
2659 4179 2822 4244 quae
2855 4158 2927 4222 hi
2957 4178 3154 4242 sepa-

804 4269 1137 4345 raverant,
1187 4283 1327 4328 esse
1375 4284 1595 4346 unum,
1628 4269 1884 4348 oportet
1928 4282 2048 4327 nos
2091 4263 2174 4328 ab
2198 4263 2550 4327 haereticis
2580 4262 2918 4327 hodiernis
2943 4280 3150 4326 voces

803 4371 867 4430 et
911 4366 1269 4430 locutiones
1330 4385 1605 4448 sumere,
1669 4348 1906 4450 easque
1967 4371 2235 4430 cunctas
2296 4369 2472 4428 recte
2535 4362 2852 4445 confiteri,
2915 4381 3152 4426 earum

803 4487 1061 4532 sensum
1109 4469 1439 4550 sapienter
1483 4467 1889 4551 intellegere,
1917 4472 1982 4531 et
2004 4487 2122 4551 per
2143 4485 2658 4550 unamquamque
2691 4465 2928 4529 harum
2961 4467 3158 4547 quasi

802 4587 921 4652 per
966 4569 1264 4631 semitam
1311 4572 1557 4632 rectam
1604 4573 1667 4632 et
1731 4567 2086 4652 simplicem
2133 4566 2216 4631 ad
2268 4569 2616 4631 veritatem
2677 4564 3009 4629 accedere.
3063 4563 3158 4628 Hi

3193 1621 3252 1666 lo

3197 2133 3255 2176 15-

3203 3667 3269 3712 30·
