3400 5642
168 1610 225 1654 10

164 2130 219 2174 15

143 4172 197 4215 35

1244 542 1359 616 -κς
1408 533 1536 598 189
1582 535 1695 616 μη

288 676 619 740 Iohannes
665 675 1077 759 evangelista
1123 695 1503 759 persuasum
1548 677 1836 742 habebat
1893 697 2010 760 per
2070 676 2230 741 illud
2282 699 2317 740 «
2350 677 2638 742 Verbum

284 797 441 842 caro
488 777 739 842 factum
786 783 885 842 est
922 804 953 834 ι»
1006 778 1131 842 hoc
1180 798 1217 840 «
1248 782 1475 842 natum
1523 784 1687 842 est»
1756 785 2008 844 certum
2069 779 2373 862 evadere,
2439 781 2644 844 tacuit

282 879 363 944 de
410 883 764 944 nativitate
811 886 878 945 et
922 883 1135 964 posuit
1185 902 1222 944 ‹
1254 878 1401 944 fieri
1434 901 1491 944 ».
1541 880 1835 946 Verbum
1879 881 2125 946 factum
2173 901 2314 947 esse
2369 901 2637 948 carnem

282 981 473 1063 dixit,
520 987 751 1045 natum
798 986 1017 1046 autem
1071 1001 1205 1046 non
1265 983 1540 1065 scripsit.
1606 981 1826 1065 Neque
1890 989 2115 1067 aperte
2181 986 2252 1047 in
2313 984 2438 1048 hoc
2497 983 2642 1047 loco

281 1084 634 1166 Virginem
682 1089 877 1148 vocat
924 1083 1041 1146 Dei
1104 1085 1509 1166 genitricem,
1558 1083 2098 1167 quemadmodum
2143 1105 2318 1149 nunc
2365 1086 2450 1150 ab
2496 1089 2641 1149 uni-

282 1204 481 1248 versa
534 1185 827 1249 Ecclesia
873 1184 1320 1269 praedicatum
1385 1203 1539 1250 nam
1600 1185 1871 1250 evidens
1931 1191 2030 1250 est
2075 1186 2264 1250 *eum
2317 1206 2436 1269 per
2479 1186 2640 1250 illud
2737 1232 2748 1244 .

286 1308 323 1350 «
354 1286 605 1351 factum
654 1292 753 1350 est
784 1313 818 1346 »
872 1289 1071 1352 etiam
1119 1288 1245 1352 hoc
1296 1308 1331 1350 «
1363 1293 1591 1352 natum
1638 1293 1806 1352 est»
1849 1289 2275 1372 intellexisse,
2323 1293 2474 1372 quia
2521 1293 2641 1352 im-

281 1387 591 1472 possibile
640 1395 787 1453 erat
832 1409 1034 1453 unum
1080 1388 1229 1454 fieri
1272 1395 1338 1453 et
1384 1389 1663 1454 alterum
1709 1393 1914 1454 nasci.
1965 1391 2260 1456 Verbum
2306 1394 2511 1474 igitur
2541 1391 2641 1456 fa-

281 1497 458 1555 ctum
506 1497 606 1555 est
652 1511 830 1573 caro,
878 1491 945 1555 id
992 1497 1109 1569 est,
1160 1493 1373 1574 hom0,
1424 1497 1689 1576 propter
1737 1493 1860 1557 hoc
1907 1493 2116 1557 solum
2161 1498 2233 1558 ut
2279 1494 2362 1558 ad
2409 1513 2529 1558 nos
2575 1500 2640 1558 et

280 1599 551 1677 propter
614 1613 737 1658 nos
799 1596 1013 1658 exiret
1060 1599 1129 1656 ut
1176 1595 1371 1658 homo
1418 1614 1505 1658 ex
1552 1595 1847 1677 muliere,
1896 1615 2060 1678 quae
2109 1600 2173 1659 et
2218 1599 2359 1680 ipsa
2413 1601 2638 1660 creata

280 1695 421 1760 fuit.
475 1696 557 1758 Et
602 1715 690 1759 ex
738 1715 817 1760 ea
864 1702 1091 1760 natum
1138 1702 1236 1760 est
1281 1715 1412 1760 non
1458 1699 1724 1780 spiritus
1769 1697 1883 1762 sed
1929 1717 2180 1780 corpus,
2215 1699 2426 1780 Virgo
2465 1700 2640 1761 enim

281 1817 558 1881 puerum
627 1801 879 1881 peperit
956 1801 1397 1882 compositum,
1468 1797 1821 1863 formatum
1899 1804 1964 1864 et
2040 1801 2349 1864 membris
2425 1799 2640 1864 coale-

280 1905 593 1980 scentem,
665 1903 773 1983 qui
842 1905 941 1964 est
1010 1901 1181 1964 Deus
1248 1903 1721 1984 incorporatus.
1793 1901 1878 1964 Et
1948 1902 2250 1966 mirabile
2313 1908 2411 1966 est
2473 1901 2642 1986 quod

279 2008 479 2088 virgo
540 2006 783 2067 mansit
852 2005 1051 2066 etiam
1124 2008 1261 2086 post
1322 2008 1611 2086 partum;
1675 2022 1831 2067 nam
1895 2004 2062 2088 quod
2124 2024 2207 2068 ex
2269 2025 2348 2068 ea
2411 2007 2636 2080 exivit,

278 2126 519 2190 corpus
567 2111 684 2187 est,
734 2125 867 2170 non
920 2108 1187 2190 spiritus
1248 2111 1377 2181 est;
1441 2111 1511 2169 ut
1572 2109 1798 2170 verius
1858 2106 2220 2190 loquamur,
2283 2111 2493 2170 exivit
2555 2127 2639 2170 ex

282 2229 364 2272 ea
411 2209 705 2272 Verbum
770 2211 1200 2289 incarnatum,
1256 2210 1554 2292 spiritum
1614 2210 2121 2292 incorporatum,
2184 2209 2388 2272 Deum
2450 2209 2641 2272 inhu-

280 2317 641 2393 manatum,
710 2315 776 2374 et
838 2310 1191 2394 simplicem
1254 2313 1693 2394 compositum.
1741 2309 1978 2393 ¹Signa
2040 2313 2446 2394 virginitatis
2505 2330 2640 2375 non

274 2419 591 2498 corrupta
638 2419 789 2478 sunt
834 2433 984 2478 cum
1029 2419 1324 2496 pareret:
1374 2433 1529 2477 nam
1575 2415 1683 2496 qui
1730 2416 1800 2475 in
1831 2434 1911 2478 ea
1941 2433 2100 2478 caro
2131 2413 2344 2478 factus
2374 2419 2474 2477 est
2505 2433 2639 2478 non

273 2522 567 2580 mutatus
612 2522 712 2580 est
758 2517 841 2580 ab
888 2535 967 2580 eo
1014 2515 1181 2599 quod
1234 2521 1380 2580 erat
1438 2518 1722 2599 spiritus.
1787 2516 1870 2578 Et
1931 2519 2183 2600 peperit
2242 2516 2641 2580 naturaliter

270 2624 341 2682 et
390 2637 590 2702 supra
634 2624 976 2693 naturam3
1026 2617 1423 2682 naturaliter
1466 2621 1617 2700 quia
1668 2637 1938 2682 carnem
1984 2621 2254 2702 peperit,
2313 2623 2379 2683 et
2441 2638 2639 2701 supra

270 2726 587 2784 naturam
634 2723 787 2804 quia
834 2719 1124 2783 Verbum
1170 2723 1584 2784 incarnatum
1634 2723 1902 2804 peperit.
1932 2719 2204 2803 RursuS,
2243 2720 2642 2785 naturaliter

270 2825 429 2907 quia
478 2842 641 2906 quae
690 2825 943 2906 peperit
988 2822 1226 2886 mulier
1270 2828 1401 2897 est3
1454 2842 1649 2906 supra
1695 2829 2004 2888 naturam
2050 2843 2211 2888 vero
2266 2826 2436 2906 quia,
2485 2822 2638 2886 dum

268 2930 375 2989 est
421 2927 639 3008 virgo,
688 2923 761 2988 fit
808 2929 1037 3006 mater,
1106 2930 1171 2988 et
1232 2927 1427 3007 virgo
1474 2927 1673 2988 etiam
1735 2931 1880 3008 post
1937 2930 2194 3008 partum
2257 2928 2633 3009 permansit.

272 3028 567 3110 Utraque
614 3047 723 3090 res
768 3025 1137 3110 prodigium
1186 3033 1315 3102 est;
1366 3032 1637 3109 utraque
1692 3026 2132 3091 admiratione
2185 3047 2346 3090 vere
2408 3026 2633 3110 plena:

266 3128 446 3213 quod
493 3129 665 3192 Deus
710 3133 905 3193 natus
950 3132 1035 3192 sit
1080 3147 1167 3192 ex
1226 3131 1507 3212 virgine,
1573 3134 1639 3192 et
1684 3131 1879 3212 virgo
1925 3132 2209 3212 potuerit
2264 3129 2469 3192 Deum
2526 3147 2642 3211 pa-

268 3251 462 3306 rere;
514 3229 684 3314 quod
729 3233 787 3294 is
832 3233 941 3315 qui
986 3236 1131 3294 erat
1192 3233 1432 3294 exierit
1488 3250 1573 3294 ex
1633 3236 1822 3294 utero
1885 3236 1956 3293 ut
2017 3250 2268 3314 corpus,
2335 3235 2402 3294 et
2471 3229 2639 3312 quod

264 3334 391 3398 illa
438 3353 605 3418 quae
652 3337 903 3417 peperit
944 3335 1143 3398 etiam
1190 3337 1331 3416 post
1377 3339 1634 3416 partum
1680 3337 1874 3416 virgo
1923 3336 2380 3416 permanserit.

363 3435 593 3519 Itaque
644 3457 681 3499 «
715 3433 861 3498 fieri
892 3457 927 3498 »
980 3435 1096 3498 Dei
1142 3437 1318 3498 omni
1364 3433 1553 3498 modo
1602 3437 1960 3517 requiritur
2013 3432 2099 3498 ad
2159 3434 2332 3498 hanc
2395 3435 2637 3499 nativi-

262 3545 498 3613 tatem,
548 3543 621 3602 ut
665 3541 760 3602 sic
820 3535 1077 3601 firmum
1141 3539 1226 3600 sit
1286 3537 1485 3600 Deum
1548 3555 1693 3600 esse
1759 3539 1866 3620 qui
1926 3542 2120 3601 natus
2181 3541 2297 3600 est.
2347 3536 2534 3608 Quod
2583 3539 2640 3601 si

264 3663 311 3704 ‹<
344 3640 495 3705 fieri
528 3662 563 3702 »
614 3641 929 3703 tribuitur
974 3639 1223 3704 homini
1270 3641 1339 3702 in
1386 3659 1509 3722 quo
1555 3639 1727 3703 Deus
1775 3638 2014 3703 dicitur
2059 3639 2415 3721 habitasse,
2471 3659 2637 3722 quae

260 3745 529 3828 peperit
576 3747 791 3806 mater
834 3746 933 3804 est
992 3740 1295 3822 hominiS,
1354 3747 1421 3804 et
1472 3741 1722 3805 canalis
1785 3741 1918 3805 Dei.
1985 3739 2170 3812 Quod
2230 3744 2406 3805 enim
2469 3741 2640 3806 Deus

262 3846 528 3910 habitet
576 3847 644 3907 in
692 3863 770 3908 eo
818 3845 927 3926 qui
970 3846 1283 3925 nascitur,
1310 3863 1455 3907 eam
1504 3863 1667 3927 quae
1703 3846 1954 3927 peperit
2001 3850 2279 3908 matrem
2330 3863 2474 3908 esse
2522 3845 2640 3908 Dei

260 3968 405 4012 non
468 3947 722 4031 probat.
800 3946 1072 4027 Etenim,
1136 3964 1343 4029 neque
1406 3945 1744 4010 Elisabeth
1811 3948 2186 4010 existimata
2257 3950 2355 4010 est
2425 3951 2640 4010 mater

260 4049 555 4134 Spiritus
600 4067 745 4112 esse
792 4067 873 4112 eo
918 4046 1087 4130 quod
1132 4047 1411 4131 Spiritus
1455 4053 1716 4112 sauctus
1763 4051 2010 4111 eratin
2049 4047 2341 4112 Iohanne
2374 4051 2484 4131 qui
2515 4047 2641 4111 *ex

258 4173 353 4217 ea
401 4156 601 4216 natus
646 4155 761 4215 est.
812 4150 1044 4233 Igitur,
1078 4153 1187 4232 qui
1218 4149 1375 4214 dicit
1407 4151 1607 4214 Deum
1640 4149 1885 4214 factum
1934 4169 2076 4214 esse
2125 4150 2477 4233 hominem,
2527 4149 2642 4214 sed

256 4275 401 4320 non
434 4275 523 4318 ex
554 4254 855 4336 Virgine,
884 4258 949 4316 et
973 4255 1081 4335 qui
1106 4253 1291 4317 docet
1322 4253 1673 4334 hominem,
1707 4272 1842 4317 non
1864 4253 2086 4335 Deum,
2122 4272 2209 4316 ex
2232 4253 2514 4336 Virgine
2539 4252 2644 4316 fa-

258 4362 449 4424 ctum
484 4377 649 4439 esse,
676 4355 869 4420 ambo
902 4358 1249 4438 opinantur
1279 4355 1482 4418 Deum
1515 4375 1633 4439 per
1654 4355 2005 4438 Virginem
2038 4361 2348 4438 tanquam
2381 4376 2501 4439 per
2531 4376 2641 4420 ca-

255 4459 493 4526 nalem
524 4460 890 4522 transiisse.
924 4458 1009 4520 Et
1052 4477 1205 4522 ecce
1238 4477 1385 4522 cum
1416 4458 1472 4520 N
1476 4460 1792 4523 estoriani
1837 4460 1906 4520 in
1955 4465 2345 4541 argumento
2395 4479 2511 4524 suo
2559 4459 2639 4523 de

256 4560 741 4646 corporalitate
774 4566 1005 4624 contra
1037 4560 1485 4643 Eutychianos
1516 4561 1592 4625 id
1625 4559 1990 4642 ostendant,
2025 4560 2342 4644 quomodo
2375 4581 2508 4626 non
2541 4565 2640 4626 in-

2696 4070 2752 4126 p.
2784 4055 2908 4111 256.
