3400 5642
219 2652 284 2693 2³)

1319 540 1721 625 4423)»

339 690 407 749 et
453 686 695 769 Angeli
742 686 1022 769 gloriam
1069 688 1137 748 in
1185 685 1518 749 altissimis
1563 688 1627 749 ei
1675 685 2029 761 dederunt;
2080 685 2193 749 sed
2225 689 2293 748 in
2334 686 2561 769 quibus
2593 686 2693 749 al-

337 795 608 857 tissimis
653 794 928 856 exsistat
960 811 1092 855 non
1123 790 1448 855 dixerunt.
1498 790 1681 862 Quod
1732 794 1788 855 si
1835 811 1997 875 quae
2048 794 2188 855 eius
2234 796 2381 856 sunt
2428 812 2467 855 a
2500 794 2693 875 spiri-

337 894 580 959 talibus
625 912 758 957 non
805 892 1398 977 apprehendantur,
1457 895 1598 976 quis
1644 892 1723 957 de
1780 913 1858 957 eo
1904 892 2081 976 loqui
2127 897 2359 977 posset,
2416 893 2523 957 vel
2577 894 2689 956 ubi

339 1000 424 1061 sit
470 994 857 1061 ostendere?
905 995 1128 1078 Itaque
1175 1000 1414 1059 natura
1447 998 1586 1059 eius
1619 996 1703 1059 ab
1736 996 2033 1060 omnibus
2062 998 2318 1059 naturis
2350 1015 2553 1079 aeque
2585 1015 2695 1059 re-

339 1105 517 1163 mota
564 1106 678 1163 est.
729 1098 1008 1180 Etenim,
1033 1116 1166 1161 non
1214 1098 1507 1181 partibus
1555 1100 1941 1162 constitutus
1987 1104 2104 1180 est,
2152 1117 2275 1161 nec
2307 1097 2688 1181 magnitudo

341 1204 484 1265 eius
529 1202 648 1265 sub
693 1218 1066 1265 mensuram
1106 1199 1298 1282 cadit,
1334 1204 1403 1263 ut
1435 1199 1787 1263 secundum
1821 1219 2195 1263 mensuram
2229 1203 2553 1264 creaturis
2586 1220 2689 1263 re-

341 1308 555 1368 motus
601 1302 706 1367 vel
761 1304 1097 1385 proximus
1149 1304 1250 1365 sit.
1309 1301 1495 1366 Ultra
1551 1320 1925 1366 mensuram
1984 1307 2048 1365 et
2100 1302 2275 1366 ultra
2330 1301 2577 1385 pondus
2624 1306 2689 1365 et

339 1408 508 1470 citra
557 1404 857 1489 regulam
889 1406 1234 1470 mensoris
1265 1407 1539 1469 exsistit.
1577 1403 1722 1468 Non
1754 1407 1929 1468 enim
1961 1404 2321 1487 regulatur,
2355 1422 2477 1468 nec
2510 1424 2692 1467 men-

339 1513 626 1589 suratur,
674 1527 796 1571 nec
843 1506 1248 1591 appenditur,
1297 1526 1418 1571 nec
1465 1509 1738 1590 capitur,
1786 1526 1909 1571 nec
1956 1505 2486 1589 deprehenditur.
2522 1505 2689 1578 Quia

341 1612 600 1673 initium
655 1612 797 1673 eius
841 1609 1170 1673 invisibile
1231 1614 1346 1691 est,
1395 1608 1544 1673 finis
1591 1612 1733 1672 eius
1788 1608 2189 1692 apprehendi
2240 1610 2493 1691 nequit3
2552 1608 2693 1671 ubi-

340 1732 612 1795 cumque
659 1731 842 1775 mens
889 1730 1034 1775 eum
1082 1710 1574 1795 apprehendere
1621 1711 1923 1793 voluerit,
1974 1731 2121 1775 eam
2169 1708 2453 1794 effugiet.
2519 1711 2691 1774 Prae

343 1815 477 1878 Deo
524 1817 697 1878 enim
743 1833 928 1877 mens
974 1831 1198 1877 crassa
1245 1818 1361 1894 est,
1412 1819 1476 1877 et
1521 1832 1680 1896 prae
1731 1813 2087 1877 subtilitate
2136 1815 2277 1877 eius
2323 1818 2419 1876 est
2459 1832 2693 1896 corpus

341 1923 407 1981 et
454 1936 561 1980 res
607 1914 986 1980 materialis.
1037 1915 1297 1978 Etenim
1347 1914 1687 1979 didicimus
1743 1914 2141 1979 solummodo
2198 1914 2466 1979 credere
2528 1914 2695 1998 quod

343 2024 474 2095 est;
524 2018 636 2083 sed
684 2018 1018 2102 quomodo,
1069 2024 1364 2101 quantuS,
1413 2018 1524 2081 ubi
1572 2020 1686 2081 sit:
1738 2037 1857 2083 nos
1904 2018 2065 2081 latet
2112 2022 2176 2081 et
2223 2021 2419 2081 etiam
2471 2037 2695 2081 omnes

343 2122 672 2206 spiritales
718 2119 982 2184 ordines
1029 2123 1136 2203 qui
1181 2121 1370 2186 nobis
1415 2124 1787 2204 superiores
1833 2126 1997 2183 sunt.
2049 2119 2233 2192 Quod
2287 2123 2460 2183 enim
2516 2140 2688 2184 com-

343 2223 662 2308 prehendi
705 2242 839 2287 non
883 2226 1084 2307 possit
1131 2226 1345 2305 magis
1389 2242 1536 2286 eum
1577 2221 1970 2285 manifestat.
2007 2222 2171 2286 Nam
2212 2227 2520 2286 creatura
2569 2241 2693 2304 quo

341 2328 556 2408 magis
603 2324 1114 2409 deprehenditur
1159 2344 1237 2388 eo
1284 2328 1496 2408 magis
1527 2327 1961 2407 cognoscitur,
1998 2331 2063 2388 et
2094 2344 2217 2407 quo
2250 2326 2461 2407 magis
2495 2326 2691 2387 attin-

343 2430 524 2511 gitur
567 2448 645 2491 eo
691 2430 905 2510 magis
951 2426 1339 2508 celebratur,
1375 2426 1689 2510 siquidem
1722 2446 1840 2511 per
1870 2429 2447 2509 investigationem
2478 2428 2692 2489 virtus

341 2533 484 2594 eius
529 2528 692 2594 solet
739 2528 1028 2592 revelari
1075 2534 1138 2593 et
1187 2532 1479 2612 operatio
1526 2532 1669 2593 eius
1715 2527 2143 2593 manifestari.
2194 2528 2474 2592 Creator
2528 2547 2690 2591 vero

340 2652 475 2697 non
520 2635 614 2696 ita
661 2651 730 2695 se
777 2631 1001 2705 habet;
1053 2629 1166 2694 sed
1211 2630 1518 2694 laudatur
1564 2630 1733 2713 quod
1777 2650 1911 2694 non
1964 2628 2575 2714 comprehendatur,
2627 2634 2692 2692 et

341 2755 466 2818 quo
514 2737 728 2798 minus
775 2732 1286 2817 deprehenditur
1330 2753 1408 2797 eo
1455 2736 1668 2816 magis
1725 2733 2159 2797 admiratione
2215 2732 2437 2816 implet
2483 2734 2694 2814 inqui-

342 2829 563 2903 rentes
607 2857 696 2901 se.
747 2836 1024 2918 Etenim,
1051 2838 1109 2900 si
1154 2856 1300 2899 eum
1349 2835 1901 2920 comprehendere
1935 2855 2285 2920 possemuS,
2334 2853 2452 2918 per
2482 2838 2695 2899 scien-

339 2943 502 3004 tiam
549 2944 842 3003 nostram
888 2944 1400 3021 mensuraretur,
1449 2943 1513 3002 et
1560 2941 1975 3002 inveniretur
2020 2937 2310 3021 aequalis
2355 2942 2692 3000 creatura-

342 3061 508 3123 rum,
550 3046 616 3105 et
647 3041 983 3124 proximus
1015 3043 1079 3102 et
1110 3037 1325 3103 affinis
1356 3040 1654 3104 omnibus
1686 3059 1849 3123 quae
1881 3038 2057 3103 facta
2090 3044 2255 3102 sunt.
2291 3038 2475 3101 Nunc
2506 3058 2689 3119 ver0,

341 3164 488 3209 cum
535 3147 774 3207 natura
822 3144 962 3205 eius
1007 3160 1138 3207 non
1187 3141 1507 3223 videatur,
1557 3162 1678 3205 nec
1724 3140 1858 3205 ullo
1891 3161 2084 3205 sensu
2118 3143 2534 3225 percipiatur,
2570 3158 2693 3203 nec

341 3245 677 3310 intellectu
722 3247 1177 3327 investigetur,
1227 3264 1312 3307 ex
1365 3244 1737 3308 nominibus
1790 3244 2019 3327 quibus
2072 3242 2435 3328 appellatus
2487 3249 2582 3307 est
2631 3247 2695 3306 et

342 3367 430 3412 ex
477 3348 802 3411 creaturis
849 3366 1007 3429 quas
1052 3344 1360 3428 condidit,
1387 3345 1830 3409 intelleximus
1869 3345 2229 3417 dumtaxat,
2264 3348 2448 3427 quasi
2481 3347 2691 3427 signO,

343 3470 491 3515 eum
539 3470 700 3514 esse.
750 3448 1082 3521 Quomodo
1128 3468 1292 3513 vero
1336 3446 1476 3530 *sit,
1527 3454 1805 3532 quantus
1851 3450 1951 3530 sit,
2003 3467 2042 3511 a
2090 3467 2213 3531 quo
2258 3452 2549 3530 tempore
2584 3449 2688 3529 sit,

341 3554 456 3617 ubi
501 3556 585 3616 sit
633 3556 697 3616 et
744 3572 1068 3635 quousque
1115 3554 1218 3633 sit,
1267 3570 1389 3615 nec
1436 3550 1568 3615 ulla
1624 3554 1949 3632 creatura,
2006 3569 2128 3613 nec
2182 3553 2433 3613 mentes
2502 3547 2696 3613 Sera-

343 3655 540 3740 phim,
589 3674 712 3718 nec
758 3653 1124 3717 intellectus
1169 3652 1544 3734 Cherubim,
1577 3672 1699 3715 nec
1732 3650 2077 3715 facultates
2108 3649 2533 3734 Angelorum,
2567 3671 2690 3715 nec

344 3760 779 3841 cogitationes
825 3758 1113 3820 omnium
1159 3755 1580 3819 rationalium
1629 3756 1885 3837 assequi
1931 3758 2216 3837 possunt.

434 3858 571 3923 Hoc
618 3862 715 3922 est
761 3857 896 3921 Ens
941 3863 1257 3939 sanctum,
1321 3857 1490 3920 Deus
1549 3860 1797 3933 noster,
1860 3858 1968 3938 qui
2029 3855 2227 3919 habet
2274 3874 2358 3918 ex
2420 3859 2692 3919 aeterno

342 3960 646 4045 quidquid
679 3961 910 4035 habet;
961 3957 1152 4023 simul
1179 3963 1369 4042 atque
1399 3978 1434 4020 <
1470 3962 1568 4022 est
1601 3978 1661 4041 »,
1695 3957 1979 4041 possidet
2004 3961 2201 4021 etiam
2226 3975 2415 4021 omne
2449 3958 2691 4021 bonum

343 4062 511 4147 quod
558 4062 642 4127 ad
689 4067 1000 4126 naturam
1045 4080 1230 4125 suam
1275 4062 1577 4145 pertinet.
1642 4059 1942 4142 Nomina,
1993 4060 2221 4143 quibus
2267 4064 2506 4123 natura
2554 4060 2695 4122 eius

343 4164 761 4229 manifestata
811 4169 928 4246 est,
977 4163 1143 4227 haec
1192 4168 1373 4226 sunt:
1423 4162 1576 4244 Ens,
1625 4162 1815 4244 DeuS,
1850 4163 2178 4244 Dominus,
2214 4160 2561 4243 AeternuS,
2588 4160 2696 4224 In-

343 4271 623 4349 creatuS,
687 4266 898 4351 Supra
957 4272 1271 4350 tempora,
1319 4265 1577 4347 Factor,
1625 4265 1922 4347 Creator,
1989 4263 2283 4347 SapienS,
2332 4262 2689 4328 Ordinator

343 4370 650 4451 omnium,
698 4368 988 4433 Ornator
1010 4370 1316 4450 omnium,
1343 4368 1580 4450 Bonus,
1607 4366 2001 4448 Misericors,
2027 4365 2436 4447 Benefactor,
2472 4365 2684 4447 DiveS,

341 4470 602 4553 Plenus,
648 4468 902 4552 'Fortis,
966 4470 1226 4552 Potens,
1291 4470 1457 4552 Rex,
1521 4468 1880 4551 Perfectus,
1945 4468 2250 4550 Sabaoth,
2313 4449 2691 4549 El-saddai,

343 4573 656 4638 Dominus
701 4572 1237 4654 dominationum,
1264 4572 1574 4637 Dominus
1596 4573 1931 4652 virtutum,
1959 4569 2234 4652 Adonai,
2269 4571 2439 4634 Deus
2478 4569 2690 4633 Abra-
