3400 5642
1658 479 2016 566 «6»-

1470 881 1577 938 DE
1632 878 2196 938 TRAOTATIBUS

1012 1094 1136 1164 DE
1193 1093 1711 1163 TRINITATE
1769 1093 1892 1163 ET
1949 1041 2664 1162 lchRxATloxss

772 1593 1137 1664 Tractatus
1210 1592 1577 1663 Philoxeni
1634 1601 1774 1663 tres
1847 1592 1934 1663 de
1999 1592 2332 1663 Trinitate
2389 1602 2458 1662 et
2511 1593 3017 1672 Incarnationo,

665 1735 837 1808 quos
892 1735 1073 1782 nunc
1128 1712 1385 1805 publici
1443 1711 1613 1782 iuris
1668 1712 1984 1790 facimus,
2027 1711 2096 1780 in
2127 1713 2330 1782 unico
2369 1711 2626 1800 codice,
2670 1713 3014 1784 Vaticano

665 1834 937 1927 syriaco
994 1855 1296 1914 cxxxvn,
1358 1833 1445 1902 ad
1500 1853 1626 1903 nos
1680 1842 2166 1926 pervenerunt,
2229 1840 2302 1902 ut
2356 1832 2426 1902 in
2463 1834 2880 1926 praefatione
2913 1833 3006 1904 ad

666 1962 925 2024 textum
982 1953 1121 2023 iam
1174 1953 1501 2023 diximus.
1544 1953 1728 2035 Quid
1782 1975 1949 2022 vcro
2006 1952 2094 2024 de
2131 1952 2262 2023 isto
2304 1976 2510 2046 opere
2575 1953 3014 2024 sentiendum

666 2073 777 2160 sit,
819 2073 989 2146 satis
1043 2072 1216 2142 bene
1272 2073 1591 2166 exposuit
1628 2073 2082 2149 Assemanus,
2115 2073 2314 2143 cuius
2353 2073 2568 2143 verba
2597 2073 2708 2142 hic
2747 2073 3010 2144 exscri-

666 2196 829 2266 bere
886 2197 1118 2267 iuvat:

782 2344 819 2383 «
860 2317 935 2386 In
990 2325 1279 2387 tractatu
1318 2315 1404 2387 de
1454 2315 1810 2394 Trinitate,
1861 2316 2080 2410 inquit
2109 2309 2152 2394 ¹,
2203 2316 2379 2385 nihil
2435 2325 2666 2387 notatu
2723 2317 3012 2407 dignum

666 2437 983 2524 occurrit,
1007 2438 1067 2507 si
1087 2459 1245 2507 eum
1285 2458 1587 2506 errorem
1625 2436 1957 2528 excipiaS‚
1982 2459 2184 2531 quem
2225 2437 2408 2507 circa
2447 2437 2742 2530 Spiritus
2781 2437 3016 2508 Sancti

666 2557 1173 2651 processionem
1228 2556 1523 2627 admittit
1576 2557 1912 2626 Xenaias,

708 2764 725 2776 ἢ,
784 2705 820 2744 ‹<
861 2678 936 2747 In
992 2685 1281 2748 tractatu
1318 2700 1485 2747 vero
1524 2677 1609 2748 de
1648 2677 2140 2754 Incarnatione,
2184 2701 2308 2748 nec
2338 2678 2794 2749 orthodoxum
2834 2679 3020 2770 gerit

664 2827 791 2874 nec
847 2802 1382 2896 Eutychianum,
1443 2802 1567 2872 sed
1626 2802 1923 2872 mediam
1981 2802 2327 2895 quandam
2385 2802 2507 2872 init
2560 2802 2772 2887 viam,
2805 2825 3016 2897 quam

668 2923 1003 2993 Iacobitae
1060 2931 1213 3016 post
1266 2923 1493 3016 ipsum
1549 2931 1854 3008 tenuere,
1915 2931 1984 2993 et
2023 2943 2238 3018 usque
2267 2923 2340 2992 in
2378 2922 2788 2994 hodiernum
2827 2923 3012 2994 diem

666 3051 935 3114 tenent:
1000 3067 1202 3113 unam
1258 3043 1523 3115 scilicet
1577 3044 1648 3112 in
1703 3042 1976 3114 Christo
2031 3065 2188 3115 esse
2242 3051 2558 3114 naturam
2614 3066 2702 3114 ex
2759 3043 3018 3112 divini-

667 3172 802 3236 tate
858 3171 925 3233 et
979 3163 1398 3233 humanitate
1474 3163 1941 3256 compositam,
2003 3163 2473 3234 conversionis
2537 3171 2788 3250 tamen,
2849 3186 3008 3231 con-

666 3283 956 3356 fusionis
1012 3291 1079 3353 et
1133 3283 1623 3354 commistionis
1698 3282 1972 3352 omnino
2046 3292 2421 3376 expertem.
2482 3283 2594 3352 Sic
2649 3283 2834 3355 enim
2892 3281 3012 3353 ille

667 3405 752 3476 de
809 3403 1300 3476 Incarnationis
1358 3403 1708 3497 mysterio,
1777 3403 2026 3489 Filius,
2069 3403 2308 3498 inquit,
2351 3403 2468 3498 qui
2511 3427 2686 3474 unus
2725 3426 2814 3474 ex
2856 3402 3012 3472 Tri-

666 3525 872 3596 nitate
928 3533 1055 3612 est,
1116 3525 1337 3595 univit
1392 3524 1525 3595 sibi
1580 3524 2035 3617 personaliter
2090 3547 2362 3617 corpus,
2407 3524 2638 3594 anima
2693 3522 3014 3594 rationali

667 3654 734 3716 et
788 3654 1012 3717 mente
1068 3645 1478 3738 praeditum,
1537 3644 1607 3712 in
1664 3651 1856 3714 utero
1912 3644 2369 3738 Deiparentis.
2439 3644 2596 3714 Non
2651 3651 2808 3714 ante
2873 3644 3014 3713 for-

668 3773 923 3835 matum
963 3786 1213 3858 corpus
1251 3788 1455 3859 quam
1496 3763 1728 3833 Verbo
1769 3764 2055 3848 unitum,
2109 3765 2234 3837 sed
2279 3765 2350 3835 in
2389 3773 2636 3857 puncto
2687 3763 3014 3857 temporis

666 3894 734 3956 et
786 3886 1153 3955 formatum
1208 3893 1276 3956 et
1333 3885 1618 3954 unitum.
1660 3885 1737 3952 In
1773 3884 1904 3953 hoc
1942 3884 2259 3956 Christus
2297 3892 2522 3965 natus,
2565 3884 2636 3954 in
2671 3884 2804 3954 1100
2842 3907 3013 3953 enu-

666 4010 889 4097 tritus,
950 4010 1020 4079 in
1073 4009 1203 4078 hoc
1260 4031 1534 4102 passuS‚
1593 4008 1664 4077 in
1719 4008 1849 4077 hoc
1907 4017 2239 4080 mortuus.
2299 4009 2642 4080 Divinitas
2685 4009 2848 4078 Filii
2884 4031 3012 4078 nec

667 4152 895 4224 passa,
954 4153 1080 4200 nec
1138 4138 1425 4200 mortua.
1486 4129 1677 4200 Haec
1716 4137 1945 4199 autem
1977 4130 2205 4200 omnia
2241 4153 2378 4199 non
2417 4138 2843 4222 apparenter,
2880 4152 3012 4198 non

668 4250 1115 4344 phantastice,
1177 4251 1300 4321 sed
1340 4273 1505 4320 vere
1543 4258 1609 4319 et
1644 4249 2049 4319 naturaliter
2086 4260 2306 4342 gesta.
2348 4248 2661 4344 Denique
2700 4249 3010 4320 Verbum

665 4393 800 4440 non
858 4370 927 4439 in
983 4391 1188 4439 carne
1246 4389 1679 4456 conversum,
1725 4377 1842 4439 aut
1879 4391 2035 4439 cum
2074 4393 2158 4441 ea
2196 4369 2652 4456 commistum,
2693 4369 2812 4439 vel
2849 4392 3012 4439 con—

777 4535 793 4563 1
835 4531 986 4588 Bibe.
1025 4531 1262 4599 orient„
1302 4533 1363 4596 11,
1399 4547 1454 4602 p.
1492 4531 1675 4586 25-26.
