3400 5642
1611 475 2062 562 «(164)»-

664 635 991 682 renovare
1038 620 1262 701 potuit.
1310 616 1496 689 Quod
1542 619 1599 682 si
1646 638 1876 682 sensus
1923 618 2116 682 huius
2161 621 2462 702 mysterii
2524 619 2907 702 profundior
2951 629 3018 686 te

665 723 769 802 sit,
818 719 902 784 ad
947 719 1107 784 illud
1154 718 1510 795 descende‚·
1556 723 1611 785 si
1644 723 1928 806 penitior
1971 725 2036 784 te
2068 722 2170 802 sit,
2219 723 2465 784 veteris
2509 722 2792 786 hominiis
2836 745 3020 789 cras-

663 822 945 888 situdine
994 841 1033 886 a
1072 828 1136 886 te
1168 821 1480 905 deposita,
1513 829 1633 906 per
1662 827 2012 905 angustam
2044 825 2298 906 portam
2332 821 2414 887 ad
2446 822 2606 887 illud
2637 825 3012 908 ingredere.

664 923 911 990 Idcirco
958 927 1133 988 enim
1179 923 1470 988 Verbum
1518 927 1932 988 incarnatum
1979 928 2078 988 est
2123 928 2190 987 et
2235 923 2723 1008 incorporatum
2766 932 2838 990 ut
2892 947 3016 993 nos

662 1026 989 1111 spiritales
1034 1030 1099 1090 et
1144 1026 1415 1090 subtiles
1461 1025 1767 1091 redderet
1814 1031 1880 1090 et
1923 1025 2426 1090 crassitudinem
2472 1031 2696 1092 carnis
2745 1032 3012 1114 eiusque

660 1131 1029 1213 passionum
1056 1127 1135 1192 de
1166 1126 1381 1192 medio
1404 1127 1682 1210 tolleret,
1719 1147 1882 1211 quae
1915 1126 2079 1191 solet
2109 1127 2426 1211 impedire
2459 1131 2799 1212 quominus
2829 1151 3016 1196 mens

660 1230 981 1315 spiritalia
1026 1229 1266 1296 videat.
1330 1230 1623 1296 Verbum
1670 1229 1926 1314 quidem
1973 1249 2092 1314 per
2146 1233 2670 1296 incarnationem
2716 1251 2901 1297 suam
2949 1238 3016 1298 ei

658 1333 835 1398 dedit
862 1338 936 1397 ut
966 1335 1245 1397 virtutes
1276 1332 1607 1417 spiritales
1636 1333 1894 1397 videret
1919 1338 1985 1396 et
2015 1352 2162 1396 cum
2203 1335 2300 1396 eis
2331 1353 2451 1416 per
2479 1338 2700 1398 omnia
2725 1355 3014 1400 commu-

656 1439 945 1512 nicaret;
996 1440 1059 1499 et
1106 1437 1258 1518 quia
1302 1435 1730 1501 informatum
1777 1441 1874 1500 est
1939 1438 2180 1518 anima,
2237 1439 2434 1500 etiam
2469 1444 2762 1502 sanctam
2793 1439 3010 1503 Trini-

656 1543 856 1603 tatem
902 1535 1351 1601 manifestavit
1396 1542 1461 1601 et
1522 1541 1806 1602 mentem
1868 1536 2134 1620 dignam
2183 1537 2340 1602 fecit
2401 1557 2564 1621 quae
2613 1557 2758 1603 cum
2811 1559 2891 1604 ea
2939 1544 3010 1604 in

656 1642 890 1724 spiritu
914 1641 1444 1722 coniungeretur.
1472 1636 1801 1703 Infirmius
1823 1640 2032 1721 igitur
2054 1645 2152 1703 est
2177 1644 2242 1703 et
2265 1641 2462 1703 nimis
2486 1639 2698 1704 debile
2735 1661 2771 1706 4(
2797 1639 2943 1705 fieri
2969 1664 3006 1705 »

655 1742 954 1823 hominiS,
1003 1761 1125 1805 nec
1184 1746 1395 1824 potest
1454 1745 1523 1805 in
1570 1761 1687 1805 suo
1739 1761 1776 1804 4(
1808 1739 1955 1805 fieri
1989 1763 2026 1805 »
2075 1742 2276 1807 alium
2321 1741 2563 1825 facere,
2625 1763 2748 1807 nec
2809 1763 3008 1810 causa

654 1863 797 1908 esse
844 1863 964 1907 cur
1008 1863 1156 1908 cum
1203 1846 1339 1928 ipse
1386 1841 1457 1907 fit
1490 1843 1626 1920 alii,
1656 1846 1766 1927 qui
1796 1863 1930 1908 non
1977 1849 2215 1926 essent,
2248 1863 2395 1908 cum
2441 1847 2582 1928 ipso
2611 1839 2791 1909 flant.
2825 1845 3008 1918 Quae

652 1948 979 2010 sententia
1003 1943 1431 2010 confirmatur
1460 1964 1546 2009 ex
1598 1966 1635 2009 4(
1668 1944 1815 2010 fieri
1849 1967 1885 2008 »
1935 1948 2222 2010 omnium
2254 1949 2592 2028 iustorum,
2627 1951 2692 2010 et
2723 1952 3003 2031 patrum,

653 2059 718 2117 et
763 2052 1246 2136 prophetarum.
1298 2052 1742 2136 Unusquisque
1777 2055 1952 2116 enim
1983 2052 2237 2134 horum,
2286 2073 2434 2116 cum
2478 2051 2690 2116 factus
2735 2056 2819 2117 sit
2858 2074 3005 2118 cum

651 2175 783 2220 non
830 2157 1199 2237 exsisteret,
1264 2154 1429 2218 alios
1489 2158 1559 2218 in
1604 2174 1724 2218 suo
1789 2175 1825 2217 4(
1858 2153 2006 2218 fieri
2040 2177 2077 2218 »
2118 2174 2253 2219 non
2299 2154 2474 2237 fecit,
2523 2158 2662 2220 sive
2718 2163 3004 2222 remotos

651 2261 791 2322 sive
839 2261 901 2322 ei
949 2261 1193 2341 'genere
1240 2259 1651 2342 propinqum,
1698 2261 1841 2321 sive
1889 2260 2088 2321 etiam
2135 2277 2294 2341 quos
2325 2261 2601 2342 contigit
2647 2275 2778 2322 uno
2809 2266 2998 2344 partu

650 2379 795 2424 cum
844 2360 1059 2444 aliquo
1105 2380 1335 2425 eorum
1379 2362 1582 2424 nasci.

736 2460 1010 2526 *Factus
1034 2468 1131 2526 est
1162 2462 1501 2527 Abraham
1525 2468 1592 2526 et
1620 2468 1816 2527 natus
1847 2468 1964 2545 est,
1997 2466 2119 2526 nec
2149 2466 2370 2527 tamen
2402 2481 2520 2547 per
2551 2466 2691 2527 eius
2726 2485 2763 2528 4(
2790 2463 2934 2529 fieri
2960 2488 2997 2529 »

646 2566 891 2631 fratres
922 2567 1064 2630 eius
1093 2564 1148 2628 N
1154 2565 1359 2630 achor
1404 2571 1469 2629 et
1499 2565 1729 2630 Haran
1759 2564 1920 2631 facti
1951 2571 2118 2629 sunt.
2155 2565 2426 2648 RursuS‚
2461 2565 2646 2631 Isaac
2671 2565 2842 2632 filius
2872 2567 2999 2632 fuit

648 2669 991 2744 Abrahae3
1040 2687 1180 2750 nec,
1231 2671 1380 2750 quia
1428 2671 1551 2732 iste
1597 2668 1811 2732 factus
1857 2673 1974 2750 est,
2023 2667 2184 2732 facti
2222 2673 2372 2732 sunt
2417 2666 2728 2733 Abrahae
2761 2667 2929 2734 filios
2961 2691 2998 2734 e

573 2746 579 2754 ⁸
644 2770 905 2834 Cetura.
956 2769 1141 2832 Facti
1186 2773 1336 2832 sunt
1382 2772 1579 2833 etiam
1628 2788 1760 2833 uno
1807 2774 1998 2853 partu
2063 2768 2253 2834 Iacob
2301 2774 2365 2832 et
2411 2769 2614 2845 Esau;
2665 2769 2781 2834 sed
2827 2771 3000 2834 Esau

644 2891 775 2936 non
822 2870 1141 2934 formatus
1188 2875 1286 2934 est
1331 2872 1480 2952 quia
1527 2869 1722 2934 Iacob
1785 2875 2133 2953 conceptus
2195 2875 2310 2952 est,
2360 2889 2512 2934 nam
2576 2875 2834 2952 natura,
2899 2891 3000 2935 se-

644 2973 923 3039 cundum
948 2978 1347 3056 conceptum,
1382 2972 1556 3036 Esau
1589 2976 1870 3056 primum
1903 2971 2201 3036 ostendit.
2235 2973 2329 3036 lta
2363 2973 2570 3046 Iosue,
2611 2971 2784 3036 filius
2829 2973 2995 3056 Nun,

640 3095 775 3142 non
821 3080 1081 3139 creatus
1127 3080 1225 3138 est
1272 3076 1439 3158 quia.
1468 3074 1729 3158 Moyses
1759 3073 1972 3138 factus
2018 3079 2146 3150 est;
2199 3093 2321 3138 nec
2353 3077 2503 3158 quia
2535 3075 2996 3158 concipiendus

642 3182 787 3241 erat
833 3171 1041 3240 David
1087 3175 1246 3239 facti
1292 3180 1441 3238 sunt
1486 3174 1734 3238 fratres
1779 3177 1952 3250 eius;
2002 3194 2124 3239 nec
2154 3174 2367 3239 factus
2414 3181 2514 3240 est
2543 3174 2799 3254 Eliseus
2844 3179 2996 3260 quia

640 3279 821 3344 Elias
867 3284 1128 3344 creatus
1177 3284 1292 3342 est.
1342 3278 1533 3342 Patet
1594 3281 1768 3342 enim
1831 3297 2090 3342 omnem
2153 3281 2392 3342 iustum
2445 3277 2690 3342 factum
2737 3299 2878 3342 esse
2925 3285 2996 3343 ut

640 3383 1007 3462 exsisteret,
1070 3399 1203 3444 non
1264 3385 1335 3442 ut
1397 3379 1512 3443 alii
1558 3396 1678 3464 per
1741 3400 1778 3442 4(
1811 3378 1959 3443 fieri
1991 3399 2027 3441 »
2093 3382 2296 3464 ipsius
2357 3385 2592 3444 essent.
2642 3379 2884 3464 Neque,
2939 3385 2997 3444 si

637 3482 784 3546 fieri
832 3485 1127 3566 geminos
1172 3483 1543 3565 contigerit,
1592 3499 1864 3564 quorum
1911 3501 2080 3545 unus
2126 3485 2334 3546 iustus
2379 3487 2444 3546 et
2475 3481 2647 3546 alter
2691 3489 2994 3567 peccator

638 3588 740 3667 sit,
790 3589 1053 3650 creatus
1097 3590 1195 3648 est
1241 3588 1547 3668 peccator
1584 3587 1852 3668 propter
1881 3586 2140 3666 iustum,
2190 3588 2260 3647 ut
2290 3584 2486 3648 Iacob
2517 3589 2583 3648 et
2613 3584 2788 3648 Esau
2841 3596 2996 3648 con-

636 3693 859 3770 ceptus
905 3684 1250 3750 manifeste
1300 3683 1614 3761 ostendit;
1665 3684 1780 3748 sed
1819 3704 2062 3768 omnes,
2097 3689 2206 3768 qui
2235 3685 2397 3751 facti
2427 3691 2596 3768 sunt,
2645 3689 2786 3751 sive
2818 3690 2990 3763 iusti,

636 3792 776 3853 sive
824 3793 1219 3872 peccatores,
1268 3788 1430 3853 facti
1474 3794 1625 3852 sunt
1680 3793 1752 3851 ut
1791 3791 2206 3871 exsisterent,
2253 3807 2387 3853 non
2433 3794 2504 3852 ut
2551 3788 2717 3854 alios
2763 3793 2878 3854 aut
2923 3811 2992 3854 se

636 3892 917 3953 invicem
949 3908 1068 3973 per
1114 3908 1300 3954 suum
1350 3910 1387 3953 4(
1420 3888 1567 3954 fieri
1594 3910 1629 3951 »
1680 3894 2004 3954 crearent.
2061 3891 2334 3972 Etenim,
2361 3893 2571 3954 omnis
2603 3890 2796 3955 homo
2845 3891 2992 3954 ideo

634 3990 704 4054 fit
752 3997 821 4054 ut
868 3994 1163 4074 exsistat,
1212 3997 1277 4054 et
1324 3991 1523 4056 simili
1570 3991 1760 4056 modo
1809 3991 2134 4075 quaelibet
2179 3998 2419 4056 natura
2467 3996 2533 4056 et
2577 3998 2904 4056 creatura.

726 4093 821 4156 lta
868 4110 1031 4156 vero
1078 4101 1149 4156 se
1196 4097 1328 4156 non
1375 4093 1574 4157 habet
1625 4114 1661 4156 4(
1694 4091 1843 4156 fieri
1877 4115 1914 4156 »
1973 4092 2141 4176 quod
2187 4091 2266 4156 de
2313 4093 2632 4158 Creatore
2679 4097 2989 4178 scriptum

634 4199 751 4275 est,
800 4193 867 4258 id
914 4198 1031 4276 est,
1080 4193 1159 4258 de
1210 4195 1431 4259 Verbo
1476 4195 1644 4278 quod
1674 4194 1922 4259 factum
1953 4200 2050 4259 est
2097 4213 2288 4271 caro;
2339 4194 2455 4259 sed
2497 4201 2596 4259 est
2626 4203 2868 4260 novum
2923 4201 2989 4260 et

634 4295 993 4378 singulare,
1043 4316 1273 4380 resque
1322 4297 1716 4380 prodigiosa.
1766 4296 1892 4362 Sed
1940 4298 2106 4382 quod
2154 4301 2290 4383 ipse
2338 4297 2646 4382 dignatus
2693 4304 2790 4362 est
2821 4296 2986 4382 fieri,

635 4395 803 4479 quod
826 4396 1039 4462 factus
1070 4402 1169 4460 est
1198 4418 1347 4461 cum
1376 4401 1745 4482 exsisteret,
1779 4398 1947 4483 quod
1972 4402 2112 4464 eius
2147 4421 2182 4462 4(
2208 4397 2361 4464 fieri
2381 4420 2416 4463 »
2467 4402 2608 4464 eius
2638 4403 2992 4466 essentiam

633 4517 766 4561 non
812 4501 1107 4580 mutavit,
1142 4498 1310 4582 quod
1357 4499 1507 4564 aliis
1538 4499 1714 4564 dedit
1746 4507 1817 4564 ut
1848 4521 1966 4584 per
1996 4499 2142 4566 fieri
2173 4504 2376 4584 ipsius
2407 4499 2642 4565 fierent
2673 4507 2739 4565 et
2769 4505 2991 4566 tamen

3069 1555 3132 1600 10

3065 2067 3125 2111 15

3051 3088 3116 3131 25

3045 4105 3108 4152 35
