3400 5642
413 3215 472 3270 p.
501 3198 586 3252 30.

1608 491 2012 578 «(28)»

633 636 784 720 fine,
834 637 1090 720 quando
1137 640 1201 701 ei
1248 637 1509 721 placuit,
1558 643 1900 702 creaturas
1945 636 2197 701 fecerit.
2246 636 2346 700 Ita
2393 641 2612 701 autem
2657 656 2791 701 non
2829 656 2982 700 con-

636 739 968 804 sideratur
1014 739 1221 804 relate
1284 738 1368 804 ad
1428 739 1687 822 Filium,
1751 738 1866 804 sed
1927 738 2368 804 essentialiter
2413 742 2512 802 est
2564 739 2784 820 Pater,
2833 741 2983 822 quia

636 843 878 925 absque
926 844 1115 906 initio
1164 841 1401 906 Filium
1451 845 1694 924 genuit.
1747 841 2110 906 Creaturae
2155 846 2306 904 sunt
2368 841 2582 924 proles
2629 842 2986 906 voluntatis

638 947 812 1020 eius3
863 944 1067 1008 Filius
1113 963 1273 1008 vero
1321 949 1419 1008 est
1478 943 1734 1008 fructus
1793 963 1880 1007 ex
1943 945 2226 1008 essentia
2285 946 2459 1018 eius3
2509 949 2575 1008 et
2627 943 2782 1008 licet
2846 946 2981 1007 vim

640 1045 957 1131 operandi
1004 1051 1155 1110 ante
1204 1052 1497 1129 tempora
1524 1047 1850 1128 habuerit,
1877 1049 2260 1130 intempore
2285 1051 2503 1110 tamen
2537 1049 2984 1129 operationem

639 1169 825 1214 suam
872 1146 1181 1212 definivit.
1234 1147 1359 1211 Sed
1407 1153 1505 1212 est
1551 1149 1752 1212 Pater
1797 1148 2244 1228 aeternaliter,
2293 1151 2444 1231 quia
2468 1149 2552 1212 ab
2577 1153 2848 1212 aeterno
2879 1147 2986 1210 Fi-

638 1251 797 1316 lium
865 1253 1109 1334 genuit,
1158 1253 1255 1315 ita
1314 1256 1385 1314 ut
1450 1255 1850 1334 agnoscatur
1910 1251 1994 1314 ab
2056 1257 2326 1314 aeterno
2387 1271 2529 1314 esse
2583 1270 2717 1315 non
2777 1250 2985 1314 solum

639 1353 793 1436 EnS,
850 1352 965 1417 sed
1012 1355 1215 1416 etiam
1259 1353 1517 1428 Pater;·
1544 1355 1926 1435 agnoscitur
1969 1372 2132 1416 vero
2179 1358 2442 1417 creator
2485 1359 2637 1416 ante
2683 1355 2874 1416 initia
2919 1357 2986 1415 et

638 1461 955 1539 tempora,
1021 1453 1173 1518 licet
1236 1459 1377 1539 post
1423 1457 1614 1518 initia
1661 1459 1728 1517 et
1771 1459 2066 1538 tempora
2128 1460 2456 1538 ponantur
2499 1474 2719 1538 opera,
2767 1459 2984 1538 utpote

639 1561 963 1620 extranea
988 1575 1121 1620 non
1146 1555 1353 1620 solum
1402 1575 1439 1619 a
1487 1561 1730 1619 natura
1774 1555 2072 1621 Factoris
2118 1555 2232 1620 sed
2255 1559 2452 1620 etiam
2479 1556 2562 1619 ab
2587 1559 2728 1619 eius
2775 1562 2988 1620 aeter-

640 1661 867 1726 nitate.
903 1657 1106 1720 Pater
1150 1659 1323 1720 enim
1370 1677 1503 1721 non
1550 1659 1816 1740 agnitus
1861 1661 1960 1722 est
2003 1662 2076 1719 ut
2119 1655 2256 1720 Ens
2301 1660 2455 1741 quin
2485 1659 2569 1721 sit
2602 1658 2685 1720 ab
2717 1663 2988 1722 aeterno

640 1763 841 1824 etiam
888 1759 1109 1840 Pater,
1159 1762 1307 1842 quia
1355 1761 1720 1842 paternitas
1765 1763 1906 1824 eius
1953 1779 2100 1824 cum
2146 1763 2430 1824 essentia
2461 1763 2602 1824 eius
2654 1758 2983 1843 perdurat.

640 1861 1004 1926 Creaturae
1054 1881 1187 1926 non
1234 1867 1383 1925 sunt
1430 1882 1516 1926 ex
1564 1866 1849 1926 essentia
1897 1865 2056 1944 eius,
2101 1862 2254 1926 licet
2298 1862 2621 1944 voluntas,
2649 1882 2812 1946 quae
2875 1883 2989 1928 eas

641 1964 817 2046 fecit,
872 1969 1271 2046 agnoscatur
1318 1964 1557 2047 absque
1603 1967 1793 2029 initio
1841 1985 1988 2028 cum
2034 1967 2320 2028 essentia
2359 1967 2695 2028 exsistere.
2730 1965 2988 2028 Etenim

644 2067 947 2132 voluntas
996 2067 1112 2130 Dei
1157 2085 1291 2130 non
1336 2072 1434 2130 est
1481 2069 1700 2131 iunior
1746 2072 1986 2132 natura
2032 2069 2191 2148 eius,
2242 2086 2364 2130 nec
2409 2072 2712 2131 recenter
2743 2066 2828 2131 ad
2873 2087 2988 2132 vo·
3079 2093 3096 2120 ³

642 2170 959 2236 luntatem
1008 2171 1149 2233 eius
1196 2168 1446 2234 accedit
1492 2169 1839 2253 quidquam
1885 2169 2053 2252 quod
2099 2175 2382 2234 naturae
2431 2172 2570 2233 eius
2601 2175 2824 2234 notum
2858 2189 2990 2234 non

640 2272 861 2354 fuerit,
909 2291 1032 2336 nec
1064 2274 1530 2354 cogitationem
1558 2275 1794 2354 accipit
1819 2291 2010 2354 quam
2035 2278 2232 2336 antea
2255 2292 2386 2336 non
2419 2271 2742 2336 habuerit.
2769 2272 2988 2356 Neque

640 2396 722 2439 eo
771 2374 939 2458 quod
984 2375 1289 2438 voluntas
1336 2376 1477 2437 eius
1523 2393 1667 2436 cum
1715 2379 1955 2438 natura
1979 2377 2122 2437 eius
2153 2377 2428 2456 exsistit,
2461 2377 2594 2438 iam
2621 2380 2988 2458 creaturae,

642 2497 803 2561 quas
852 2476 1156 2540 voluntas
1202 2475 1376 2557 fecit,
1426 2495 1511 2538 ex
1558 2481 1798 2540 natura
1843 2478 1984 2540 eius
2029 2474 2366 2559 prodeunt.
2400 2476 2679 2559 Etenim,
2715 2497 2794 2541 ea
2825 2498 2990 2560 quae

644 2604 685 2648 a
732 2582 1067 2647 voluntate
1116 2585 1257 2646 eius
1304 2580 1605 2665 pendent,
1654 2587 1796 2664 post
1842 2589 2136 2666 tempora
2183 2585 2517 2664 immensa,
2553 2603 2718 2667 quae
2763 2582 2989 2648 forsan

640 2706 725 2750 ne
773 2690 844 2748 ut
890 2691 1189 2768 tempora
1223 2683 1479 2767 quidem
1505 2682 1808 2748 habenda
1833 2689 1999 2766 sunt,
2035 2685 2325 2749 stabilita
2351 2691 2532 2760 sunt;
2583 2705 2746 2768 quae
2773 2691 2991 2750 autem

641 2809 729 2853 ex
774 2793 1015 2852 natura
1063 2789 1204 2849 eius
1250 2791 1417 2868 sunt,
1466 2785 1533 2848 id
1580 2791 1679 2850 est
1725 2787 1930 2850 Filius
1976 2791 2040 2851 et
2102 2786 2397 2870 Spiritus,
2449 2787 2876 2852 aeternaliter
2927 2794 2992 2852 et

644 2894 883 2976 absque
932 2894 1120 2956 initio
1168 2910 1312 2954 cum
1360 2909 1438 2952 eo
1487 2909 1573 2953 ex
1620 2888 1848 2953 eadem
1881 2895 2120 2953 natura
2152 2894 2506 2966 exsistunt;
2559 2895 2800 2954 etcum
2847 2895 2990 2954 uni·-

643 3000 778 3058 tate
827 2996 1147 3057 essentiae
1196 2995 1394 3055 etiam
1442 2994 1706 3055 trinitas
1737 3011 2163 3075 personarum
2195 2992 2638 3075 intellegenda
2671 2999 2784 3058 est.
2821 2992 2992 3065 Qua—

646 3102 910 3180 propter
955 3113 1087 3158 una
1134 3093 1447 3158 divinitas
1508 3091 1875 3157 confitenda
1937 3099 2054 3175 est,
2112 3098 2260 3178 quia
2323 3114 2454 3158 una
2515 3095 2841 3160 credenda
2895 3101 2993 3159 est

644 3201 950 3279 essentia,
1002 3215 1166 3280 quae
1216 3194 1446 3260 eadem
1489 3193 1598 3258 *in
1644 3196 1842 3260 Patre
1891 3202 1956 3258 et
2001 3196 2168 3261 Filio
2216 3203 2281 3261 et
2328 3197 2572 3281 Spiritu
2626 3197 2862 3262 Sancto
2894 3200 2994 3260 in-

646 3301 1003 3383 tellegitur,
1053 3298 1177 3362 hoc
1225 3303 1516 3381 excepto,
1567 3297 1735 3381 quod
1783 3299 1984 3362 Pater
2042 3299 2291 3361 nullum
2339 3302 2727 3382 principium
2775 3299 2991 3381 habet,

647 3403 853 3466 Filius
902 3407 1119 3466 autem
1184 3406 1248 3464 et
1310 3399 1587 3484 Spiritus
1633 3420 1718 3464 ex
1765 3421 1844 3464 eo
1907 3405 2072 3483 sunt,
2136 3420 2269 3464 non
2329 3401 2588 3484 quidem
2636 3406 2707 3464 ut
2753 3409 2990 3486 parteS,

647 3509 812 3570 sicut
880 3506 1115 3568 Ariani
1170 3506 1387 3587 inepte
1450 3502 1849 3566 contendunt
1910 3523 2030 3566 nos
2090 3502 2329 3577 dicere,
2387 3503 2499 3566 sed
2561 3508 2993 3587 unusquisque

652 3607 887 3671 horum
934 3611 1033 3670 est
1081 3625 1361 3689 persona
1387 3603 1695 3688 perfecta.
1731 3604 2072 3668 Perfectus
2102 3609 2198 3668 est
2223 3606 2424 3668 Pater
2445 3608 2516 3668 in
2547 3626 2664 3669 sua
2690 3609 2992 3689 essentia,

648 3713 798 3793 quia
847 3729 1059 3790 neque
1106 3714 1396 3791 tempore
1444 3726 1651 3790 neque
1700 3709 2104 3771 incremento
2150 3705 2222 3769 fit
2266 3708 2484 3771 Pater.
2520 3708 2619 3771 Ita
2674 3713 2738 3772 et
2791 3708 2996 3772 Filius

652 3812 979 3896 perfectus
1026 3816 1125 3873 est
1168 3813 1238 3872 in
1287 3815 1597 3892 quantum
1662 3813 2043 3892 agnoscitur
2103 3809 2326 3892 Filius,
2383 3813 2532 3894 quia
2595 3831 2851 3894 semper
2897 3815 2996 3874 est

652 3914 875 3995 Filius,
924 3932 1043 3975 nec
1096 3914 1322 3993 genuit
1366 3930 1489 3975 nec
1538 3914 1765 3994 gignet
1813 3910 2108 3975 alterum.
2159 3912 2322 3975 Item
2385 3911 2662 3996 Spiritus
2723 3911 2997 3976 Sanctus

652 4035 908 4098 semper
941 4017 1323 4096 agnoscitur
1354 4012 1647 4096 Spiritus,
1676 4015 1826 4096 quia
1872 4033 2200 4096 nunquam
2234 4017 2644 4078 existimatus
2675 4019 2772 4077 est
2796 4015 2998 4078 Pater

651 4123 763 4182 aut
809 4116 1015 4180 Filius
1080 4135 1238 4180 esse.
1289 4115 1594 4196 Rursum,
1642 4118 2076 4198 unusquisque
2140 4137 2365 4180 eorum
2411 4116 2738 4199 perfectus
2783 4122 2881 4180 est
2925 4118 2996 4179 in

651 4227 960 4304 quantum
1010 4218 1299 4283 creditur
1345 4219 1532 4299 Deus,
1582 4237 1736 4280 113111
1782 4221 2215 4301 unusquisque
2248 4218 2528 4301 possidet
2561 4218 2865 4302 quidquid
2895 4239 2998 4282 es-

654 4325 863 4386 sentia
912 4325 1009 4384 est
1058 4325 1169 4384 aut
1216 4321 1431 4383 habet.
1468 4319 1674 4382 Filius
1698 4322 1874 4382 enim
1899 4320 1982 4383 ab
2007 4324 2278 4384 aeterno
2310 4341 2455 4384 cum
2485 4321 2685 4384 Patre
2719 4323 2992 4403 exsistit,

651 4444 772 4488 nec
823 4423 1062 4488 dicitur
1109 4421 1286 4485 aliud
1346 4421 1481 4484 Ens
1527 4441 1669 4485 cum
1721 4441 1824 4497 eo;
1884 4442 2024 4503 nec,
2075 4442 2152 4485 eo
2200 4421 2367 4505 quod
2414 4443 2499 4486 ex
2546 4425 2829 4486 essentia
2876 4428 2992 4505 est,

650 4526 879 4608 frater,
930 4531 1042 4590 aut
1089 4545 1259 4608 pars,
1310 4529 1421 4588 aut
1487 4524 1740 4606 divisio,
1791 4530 1902 4587 aut
1964 4527 2173 4608 portio
2229 4527 2550 4588 essentiae
2613 4525 2995 4608 appellatur,

3044 1571 3094 1615 10

3051 4127 3105 4170 35
