3400 5642
1188 553 1303 643 4⁴(
1356 553 1486 619 115
1534 555 1648 642 >m-

951 799 1447 866 TRACTATUS
1500 797 1856 864 TERTIUS

253 1025 327 1079 ΙΝ
360 1024 507 1090 QUO
548 1022 837 1080 DANTUR
874 1023 1094 1077 ETlAM
1136 1023 1345 1077 ALIAE
1382 1022 1821 1078 SENTENTIAE
1858 1023 2039 1088 QUAS
2077 1023 2306 1078 VARus
2345 1024 2558 1079 MODIS

570 1110 661 1164 DE
700 1106 1249 1164 DlSPENSATlONE
1282 1107 1559 1163 CHRISTI
1596 1107 1665 1161 IN
1705 1108 1946 1164 CARNE
1985 1109 2262 1166 HABUIT.

318 1313 729 1378 Accedamus
774 1332 1055 1394 rursum,
1079 1332 1251 1377 ²curn
1305 1314 1501 1376 etiam
1548 1312 1870 1377 auxilium
1924 1311 2075 1377 fidei
2118 1334 2292 1379 nunc
2337 1313 2581 1380 habea·
2637 1343 2693 1400 p.
2715 1328 2838 1384 152.

150 1434 176 1477 5
229 1437 395 1501 muS,
447 1417 531 1482 ad
576 1414 1107 1500 investigandum
1169 1414 1333 1478 alios
1394 1434 1621 1479 sensus
1668 1421 1734 1478 et
1781 1413 2298 1499 significationes
2359 1417 2438 1482 de
2485 1417 2580 1481 di-

225 1522 645 1604 spensatione
693 1517 917 1582 divina
963 1520 1033 1581 in
1080 1536 1300 1599 carne,
1350 1521 1415 1580 et
1462 1515 1540 1581 de
1588 1520 1705 1598 eis,
1775 1524 2088 1601 quantum
2150 1517 2296 1583 fieri
2350 1525 2577 1604 potest,

226 1621 649 1704 disseramuS,
683 1624 739 1686 si
770 1640 902 1685 non
933 1625 1243 1703 quantum
1274 1618 1477 1703 decet,
1510 1625 1731 1684 tamen
1788 1627 2096 1704 quantum
2127 1625 2196 1686 in
2227 1622 2416 1688 nobis
2461 1629 2576 1706 est,

225 1723 737 1788 demonstrando
784 1725 983 1786 etiam
1028 1725 1085 1787 si
1130 1721 1336 1786 verba
1384 1741 1547 1805 quae
1594 1721 1673 1786 de
1723 1723 1858 1788 Deo
1917 1731 1982 1787 et
2035 1724 2224 1788 nobis
2268 1726 2337 1788 in
2385 1726 2580 1789 rebus

224 1825 548 1890 eiusmodi
600 1825 924 1906 dicuntur,
979 1827 1167 1908 paria
1214 1829 1382 1906 sunt,
1444 1825 1579 1887 vim
1625 1829 1847 1888 tamen
1907 1844 2290 1909 sensumque
2353 1845 2578 1890 eorum

126 1942 175 1987 10
226 1927 423 1992 valde
474 1928 737 1993 diversa
799 1947 940 1992 esse
988 1932 1051 1991 et
1114 1924 1514 2001 differentia;
1587 1946 1711 1991 nec
1771 1926 2004 1992 decere
2065 1932 2137 1991 ut
2196 1947 2425 1994 sensus
2470 1932 2578 2013 qui

225 2029 305 2094 de
350 2031 549 2095 nobis
590 2036 1010 2114 usurpantur,
1059 2029 1129 2093 in
1160 2029 1363 2092 Deum
1398 2031 1609 2114 ipsum
1642 2032 1840 2094 etiam
1869 2029 2390 2095 transferantur:
2427 2035 2574 2115 quia

224 2137 470 2196 natura
517 2131 743 2196 divina
789 2135 859 2195 in
918 2131 1218 2196 omnihus
1279 2151 1318 2194 a
1371 2131 1561 2195 nobis
1614 2128 1832 2196 differt
1881 2151 2005 2196 nec
2055 2131 2174 2195 ulli
2225 2139 2572 2198 creaturae

226 2237 496 2298 omnino
540 2233 773 2298 similis
818 2239 932 2298 est.

306 2336 499 2401 Nunc
532 2341 749 2401 autem
780 2338 1099 2420 imprimis
1129 2339 1402 2419 oportet,
1450 2337 1617 2399 sicut
1648 2355 1757 2400 res
1786 2338 1929 2420 ipsa
1958 2356 2078 2400 nos
2123 2339 2318 2420 cogit,
2353 2336 2572 2402 dicere

125 2455 173 2500 15
223 2438 301 2503 de
331 2438 775 2504 locutionibus
804 2439 1035 2522 quibus
1064 2437 1461 2522 dispensatio
1500 2437 1758 2502 Domini
1809 2441 2020 2503 nostri
2050 2441 2120 2502 in
2151 2458 2352 2503 carne
2383 2458 2571 2504 reve-

221 2539 355 2605 lata
388 2547 523 2616 est3
550 2561 715 2624 quae
740 2545 889 2604 sunt
913 2542 1227 2624 primum:
1257 2559 1294 2603 «
1311 2539 1603 2604 Verbum
1627 2558 1785 2604 caro
1808 2538 2052 2604 factum
2083 2547 2266 2624 est»,
2301 2539 2568 2606 deinde:

227 2663 261 2705 «
293 2645 755 2726 incorporatus
786 2646 902 2724 est,
936 2660 1290 2725 corporeus
1320 2640 1531 2705 factus
1561 2645 1680 2723 est,
1716 2643 2098 2706 incarnatus
2128 2647 2246 2726 est,
2271 2643 2572 2707 inhuma-

222 2747 419 2807 natus
466 2749 565 2807 est
595 2743 767 2808 Deus
796 2764 857 2807 ».
892 2743 1197 2824 Rursum,
1232 2742 1403 2806 aliae
1437 2761 1601 2825 quae
1648 2747 1830 2806 sunt:
1886 2763 1922 2806 ⁴<
1955 2746 2318 2828 assumpsit,
2351 2747 2572 2808 unitus

222 2850 337 2927 est,
386 2844 737 2927 habitavit,
784 2843 1015 2927 induit,
1064 2843 1451 2909 adhaesit».
1501 2842 1748 2916 Quibus
1809 2844 2087 2928 singulis
2138 2844 2570 2910 locutionibus

122 2963 173 3009 πο
221 2948 347 3012 hae
394 2947 568 3012 duae
614 2946 972 3030 doctrinae,
1006 2967 1171 3031 quae
1198 2945 1413 3012 adhuc
1436 2949 1504 3010 in
1534 2946 1832 3012 Ecclesia
1863 2953 2144 3030 exstant,
2177 2947 2568 3013 Nestoriana

220 3070 455 3136 nempe
502 3056 569 3114 et
613 3050 1047 3134 Eutychiana,
1096 3050 1407 3113 assentiri
1464 3049 1790 3113 videntur.
1839 3049 2098 3115 Primas
2159 3054 2335 3116 enim
2393 3051 2570 3116 locu-

220 3154 455 3235 tioneS,
504 3151 753 3217 scilicet
802 3172 838 3215 ⁴<
872 3151 1083 3216 factus
1128 3155 1245 3233 est,
1293 3154 1752 3235 incorporatus
1805 3157 1920 3235 est,
1977 3171 2329 3236 corporeus
2357 3152 2570 3218 factus

220 3260 335 3338 est,
358 3257 747 3319 incarnatus
778 3259 893 3338 est,
920 3254 1384 3318 inhumanatus
1414 3259 1513 3317 est
1544 3275 1604 3329 »‚
1636 3253 2040 3338 Eutychiani
2061 3275 2129 3319 se
2163 3254 2396 3320 docere
2421 3275 2570 3339 pro-

220 3356 523 3433 fitentur3
574 3356 891 3421 secundas
937 3361 1172 3439 autem,
1221 3354 1324 3419 *id
1368 3361 1485 3437 est,
1516 3376 1552 3419 ⁴<
1584 3359 1949 3441 assumpsit,
1983 3360 2202 3421 unitus
2233 3362 2349 3439 est,
2382 3357 2567 3421 habi·
2622 3376 2678 3432 p.
2703 3361 2824 3418 153.

122 3475 172 3520 z
219 3465 405 3546 tavit,
454 3462 687 3543 induit,
734 3459 1035 3525 adhaesit
1068 3481 1127 3542 »,
1174 3459 1230 3521 N
1234 3461 1551 3523 estoriani
1604 3461 1900 3542 recipere
1953 3459 2278 3524 videntur.
2335 3460 2567 3524 Patres

219 3569 439 3629 autem
501 3569 763 3628 veteres
816 3568 881 3626 et
934 3561 1266 3643 DoctoreS,
1332 3563 1438 3644 qui
1492 3560 2108 3645 irreprehensibiles
2140 3561 2349 3626 habiti
2395 3566 2563 3644 sunt,

218 3667 521 3731 omnibus
566 3667 709 3730 istis
752 3664 975 3728 verbis
1022 3669 1085 3727 et
1108 3663 1542 3727 locutionibus
1566 3666 1818 3747 pariter
1841 3665 1942 3727 usi
1967 3683 2108 3728 esse
2139 3666 2568 3728 inveniuntur

220 3774 285 3832 et
326 3766 827 3852 unumquodque
888 3765 1122 3831 horum
1182 3784 1373 3829 sensu
1438 3768 1858 3830 convenienti
1917 3764 2402 3830 intellexerunt.
2452 3766 2566 3830 Eis

218 3874 393 3935 enim
438 3871 671 3955 quibus
714 3866 1113 3953 Eutychiani
1162 3867 1468 3952 gaudent,
1516 3887 1649 3932 non
1695 3871 1798 3932 usi
1831 3873 1980 3932 sunt
2033 3874 2104 3932 ut
2156 3887 2392 3952 corpus
2443 3867 2564 3932 hu-

120 3984 169 4030 3)
218 3993 483 4037 manum
529 3977 723 4036 extra
769 3971 972 4035 Deum
1017 3974 1367 4054 ponerent;
1438 3989 1645 4053 neque
1692 3989 1774 4034 ea
1820 3989 1984 4053 quae
2031 3969 2406 4035 Nestoriani
2459 3989 2564 4034 re·

216 4077 481 4159 cipiunt,
516 4073 955 4138 adhibuerunt
1000 4077 1073 4135 ut
1119 4072 1473 4157 probarent
1520 4070 1853 4136 Christum
1901 4091 2042 4136 esse
2073 4093 2273 4136 unum
2306 4078 2368 4136 et
2402 4072 2565 4137 alte-

215 4196 379 4260 rum,
444 4183 558 4241 aut
618 4179 689 4240 in
741 4174 991 4240 duabus
1051 4177 1347 4258 personis
1406 4173 1513 4238 vel
1574 4172 1826 4238 duabus
1885 4177 2142 4238 naturis
2201 4177 2560 4239 numerari.

212 4277 648 4344 Crediderunt
693 4280 802 4342 isti
855 4277 1176 4341 haeretici
1206 4274 1573 4341 fautoribus
1610 4274 2070 4368 ‘doctrinarum
2125 4279 2560 4360 antiquarum,

213 4383 320 4463 qui
364 4386 520 4445 ante
568 4399 681 4445 eos
724 4378 1011 4454 fuerunt,
1044 4377 1291 4442 Maneti
1324 4377 1593 4461 scilicet,
1628 4376 1973 4460 Marcioni,
1998 4377 2372 4452 Valentino,
2399 4377 2566 4442 Bar-

118 4494 169 4540 π
217 4481 463 4566 desani,
512 4488 577 4548 et
622 4482 773 4548 aliis
821 4484 930 4565 qui
974 4486 1125 4545 ante
1172 4481 1295 4545 hos
1339 4479 1627 4563 fuerunt,
1674 4483 1785 4564 qui
1829 4485 1896 4544 et
1925 4483 2048 4565 ipsi
2081 4481 2286 4545 verba
2317 4480 2562 4546 selecta

215 4584 292 4649 de
340 4585 677 4670 Scriptura
724 4583 1280 4668 deprompserunt,
1318 4581 1854 4666 quemadmodum
1909 4581 2211 4646 hodierni
2241 4581 2563 4648 haeretici
