3400 5642
217 1600 269 1645 10

214 2108 269 2153 15

1286 535 1396 613 -κς
1448 530 1578 596 195
1625 539 1736 618 >u-

324 673 591 757 Moyses
634 673 890 737 tardius
936 693 1125 757 quam
1175 675 1380 738 ceteri
1426 673 1781 757 prophetae
1813 671 2136 757 *gratiam
2161 672 2542 756 prophetiae
2568 693 2676 738 ac-
2728 695 2785 751 p.
2817 680 2941 736 263.

324 777 594 859 ceperit,
642 777 779 858 ipse
828 774 1003 838 solus
1049 794 1206 858 prae
1270 774 1568 838 omnibus
1624 778 1893 838 vocatus
1939 779 2036 837 est
2082 773 2260 855 deuS,
2302 781 2368 837 et
2413 777 2677 858 agnitus

326 883 429 941 est
474 879 722 960 primus
768 879 1215 960 maximusque
1262 876 1747 960 prophetarum,
1795 881 1867 938 ut
1899 875 2314 940 manifestum
2355 879 2436 940 sit
2470 876 2678 941 homi-

322 998 481 1042 nem
526 978 843 1042 honorari
888 998 1021 1043 non
1068 999 1151 1042 ex
1198 999 1277 1043 eo
1310 978 1476 1062 quod
1506 976 1819 1062 Spiritum
1848 985 2104 1043 mature
2137 981 2390 1062 accipit,
2440 977 2554 1043 sed
2593 999 2678 1042 ex

328 1100 641 1144 mensura
672 1083 874 1164 ipsius
904 1079 1077 1145 doni.
1114 1081 1427 1145 Ieremias
1456 1098 1638 1163 ver0,
1672 1088 2021 1164 antequam
2051 1087 2412 1163 crearetur,
2453 1101 2680 1165 segre-

326 1188 523 1266 gatus
556 1187 653 1246 est
684 1187 757 1245 ut
786 1189 957 1246 esset
990 1183 1335 1266 prophetat
1392 1207 1423 1240 «t
1452 1182 1838 1266 Priusquam
1871 1188 1936 1246 te
1968 1181 2326 1246 formarem
2357 1185 2424 1245 in
2464 1187 2674 1263 uter0,

322 1287 484 1347 novi
529 1288 627 1360 te;
679 1289 743 1347 et
791 1290 1137 1368 antequam
1169 1289 1390 1349 exires
1438 1285 1517 1349 de
1573 1283 1774 1348 vulva
1821 1282 2229 1348 sanctificavi
2265 1290 2330 1348 te
2361 1282 2380 1326 ¹
2411 1304 2482 1359 »;
2541 1283 2674 1366 sed,

324 1385 453 1450 hac
499 1384 577 1450 de
625 1406 843 1469 causa,
892 1407 1023 1450 non
1072 1391 1482 1452 existimatus
1529 1393 1627 1452 est
1672 1387 1831 1450 deus
1878 1391 1990 1450 aut
2022 1386 2320 1450 dominus
2366 1406 2526 1450 esse.
2581 1387 2676 1450 Ita

325 1492 393 1551 et
441 1487 669 1571 David,
720 1488 933 1553 adhuc
979 1492 1257 1570 iuveniS,
1305 1496 1538 1553 unctus
1584 1495 1681 1554 est
1735 1493 1801 1552 et
1853 1487 2165 1572 Spiritum
2225 1493 2522 1552 sanctum
2569 1508 2681 1552 ac-

326 1592 499 1673 cepit
516 1589 559 1652 2.
588 1589 820 1654 Daniel
844 1593 1039 1654 etiam
1067 1590 1404 1656 duodecim
1430 1611 1639 1656 annos
1660 1596 1854 1655 natus
1893 1589 2105 1654 factus
2143 1595 2240 1654 est
2280 1590 2596 1674 propheta
2615 1589 2672 1666 3;

324 1711 607 1774 rursum,
640 1692 943 1757 Ezechiel
989 1693 1250 1757 videtur
1294 1694 1673 1758 adolescens
1718 1692 1920 1758 fuisse
1963 1713 2108 1758 cum
2140 1691 2377 1776 dignus
2417 1692 2679 1756 habitus

325 1801 424 1860 est
472 1799 580 1879 qui
611 1798 930 1860 visionem
962 1795 1326 1860 terribilem
1356 1794 1613 1859 videret
1632 1799 1689 1871 ‘¹3
1741 1795 2044 1860 similiter
2083 1794 2418 1878 Scriptura
2464 1797 2679 1858 innuit

323 1899 566 1962 Isaiam
614 1917 757 1962 cum
806 1896 1035 1961 eadem
1082 1901 1299 1961 aetate
1360 1902 1531 1961 esset
1590 1896 1837 1961 factum
1897 1917 2039 1962 esse
2095 1897 2478 1980 prophetam
2507 1896 2563 1959 5:
2614 1903 2678 1961 et

324 1999 553 2064 forsan
587 2000 702 2064 alii
744 1999 1091 2084 theophori
1118 2005 1183 2064 et
1216 2003 1442 2081 sancti,
1478 2020 1623 2064 cum
1657 2000 1871 2065 adhuc
1902 2003 2172 2063 iuvenes
2211 2006 2428 2064 essent
2473 2000 2677 2064 hono-

326 2104 459 2166 rati
505 2106 672 2165 sunt.
738 2100 924 2172 Quod
984 2105 1040 2165 si
1102 2106 1369 2185 propter
1426 2102 1973 2166 inhabitationem
2017 2102 2188 2184 Filii,
2237 2101 2343 2165 vel
2400 2100 2678 2186 Spiritus

322 2206 559 2283 sancti,
610 2209 723 2268 aut
767 2203 885 2267 Dei
930 2207 996 2266 et
1040 2202 1278 2286 PatriS,
1343 2203 1537 2267 homo
1584 2210 1799 2287 posset
1841 2201 1988 2266 fieri
2050 2203 2207 2268 deus
2260 2207 2326 2267 et
2379 2203 2678 2267 dominus

324 2304 679 2369 secundum
726 2310 1051 2387 naturam,
1101 2309 1165 2368 et
1212 2305 1569 2369 consedens
1629 2325 1776 2369 cum
1821 2304 2040 2386 Patre,
2091 2324 2314 2369 omnes
2367 2324 2524 2388 quos
2572 2324 2679 2368 re-

326 2410 717 2489 censuimuS,
768 2409 966 2470 etiam
1013 2407 1097 2471 ad
1152 2407 1327 2472 hunc
1373 2408 1689 2472 honorem
1721 2407 2047 2472 evehendi
2092 2407 2385 2490 fuissent,
2435 2413 2499 2472 et
2544 2427 2679 2472 non

324 2510 399 2573 hi
443 2514 716 2592 tantum,
766 2509 879 2573 sed
923 2513 1122 2574 etiam
1171 2513 1551 2594 quicumque
1589 2509 1900 2574 mandata
1931 2513 2240 2574 servavit.
2277 2510 2457 2573 Dixit
2501 2512 2678 2574 enim

327 2610 639 2675 Dominus
683 2617 909 2675 noster
926 2611 983 2674 (ῖς
1038 2632 1073 2673 «
1106 2611 1232 2683 Qui
1278 2611 1493 2695 diligit
1541 2632 1663 2694 me,
1713 2631 2081 2676 sermonem
2113 2633 2326 2676 meum
2366 2613 2676 2694 servabit,

323 2719 392 2777 et
437 2713 639 2778 Pater
684 2733 867 2778 meus
913 2713 1145 2797 diliget
1189 2735 1355 2797 eum,
1406 2719 1469 2778 et
1517 2734 1642 2798 ego
1674 2719 1740 2778 et
1772 2714 1974 2778 Pater
2018 2736 2198 2780 meus
2243 2718 2582 2779 veniemus
2614 2719 2680 2779 et
2755 2767 2761 2770 .

328 2817 738 2880 mansionem
785 2815 955 2900 apud
1002 2837 1147 2880 eum
1179 2815 1496 2881 faciemus
1527 2837 1601 2893 »;
1653 2822 1720 2880 et
1751 2837 2030 2900 rursum,
2065 2816 2144 2881 de
2183 2817 2514 2901 discipulis
2545 2820 2680 2881 suis

324 2915 493 2979 dixit
537 2917 724 2982 Patri
770 2918 963 2982 suo‘7:
1022 2943 1056 2978 ‹
1081 2920 1177 2983 Da
1223 2921 1319 2982 eis
1364 2923 1435 2982 ut
1480 2939 1681 2982 unum
1727 2922 1798 2982 in
1830 2919 2015 2983 nobis
2046 2922 2192 3000 sint,
2243 2922 2407 2983 sicut
2455 2937 2579 3002 ego
2612 2924 2678 2983 et

323 3022 395 3080 tu
442 3037 643 3082 unum
698 3040 918 3084 sumus
951 3041 1025 3097 »3
1076 3020 1189 3085 sed
1250 3040 1443 3085 nemo
1504 3041 1587 3084 ex
1635 3023 1752 3103 eiS,
1808 3027 2074 3105 propter
2133 3021 2675 3085 inhabitationem

322 3118 479 3182 Filii
516 3125 629 3183 aut
660 3119 937 3204 Spiritus
968 3127 1079 3186 aut
1110 3127 1377 3186 sanctae
1409 3122 1769 3205 TrinitatiS,
1803 3126 2214 3187 existimatus
2243 3128 2342 3186 est
2388 3121 2677 3205 aequalis

323 3225 531 3306 Patri,
581 3229 694 3288 aut
738 3230 1007 3289 vocatus
1053 3230 1151 3289 est
1196 3225 1468 3289 verbum
1515 3224 1622 3289 vel
1668 3228 1951 3310 spiritus

415 3326 515 3390 Ita
554 3345 677 3392 nec
709 3327 889 3390 Iesus
919 3327 1229 3391 Dominus
1258 3333 1501 3409 noster,
1536 3331 1594 3391 si
1622 3347 1756 3392 non
1788 3332 1887 3391 est
1916 3335 2157 3392 natura
2188 3328 2377 3410 DeuS,
2413 3331 2678 3410 propter

323 3429 873 3494 inhabitationem
920 3430 1038 3493 Dei
1082 3434 1336 3493 tantum
1382 3429 1507 3494 hoc
1561 3433 1819 3513 poterat
1865 3432 2182 3514 accipere,
2231 3434 2364 3510 aut,
2413 3434 2679 3512 propter

326 3530 814 3614 adhaesionem,
840 3532 1131 3596 Verbum
1169 3534 1583 3595 incarnatum
1608 3532 1718 3596 vel
1741 3532 1912 3596 Deus
1932 3530 2434 3596 *inhumanatus
2459 3531 2676 3615 appel·
2775 3577 2786 3590 .

323 3634 473 3698 lari.
500 3633 665 3698 Erat
695 3633 952 3717 quidem
975 3636 1045 3696 in
1069 3634 1361 3698 Iohanne
1394 3632 1673 3718 Spiritus
1704 3654 1889 3717 quem
1923 3635 2007 3698 ab
2040 3639 2227 3698 utero
2260 3636 2528 3717 accepit,
2563 3632 2677 3697 sed

322 3741 595 3821 propter
654 3737 779 3800 hoc
840 3735 1175 3821 Scriptura
1236 3756 1552 3820 nusquam
1614 3737 1974 3801 Iohannem
2033 3739 2297 3802 vocavit
2365 3735 2676 3821 Spiritum

326 3844 645 3922 sanctum,
697 3845 808 3903 aut
854 3837 1162 3923 Spiritum
1211 3845 1276 3904 et
1321 3839 1670 3922 hominem,
1707 3845 1818 3903 aut
1864 3839 2195 3903 hominem
2233 3844 2300 3903 et
2344 3838 2675 3923 Spiritum,

324 3939 864 4024 quemadmodum
898 3941 1132 4023 ubique
1164 3941 1376 4004 Iesum
1408 3940 1691 4024 appellat
1723 3946 1787 4004 et
1810 3939 1968 4004 dicit
1998 3941 2200 4005 Deum
2233 3960 2428 4024 super
2458 3942 2678 4004 omnia

325 4047 393 4105 et
441 4041 643 4104 Deum
690 4061 1019 4125 magnum,
1070 4047 1135 4105 et
1166 4061 1395 4106 rursus
1426 4042 1575 4106 aliis
1606 4042 1767 4106 locis
1807 4041 2103 4106 eumdem
2136 4040 2292 4105 dicit
2324 4042 2672 4105 hominem.

324 4141 394 4206 Si
443 4146 585 4225 quis
631 4149 897 4227 propter
941 4144 1484 4208 inhabitationem
1540 4148 1757 4227 posset
1817 4144 2186 4208 existimari
2247 4143 2422 4225 deuS,
2479 4145 2678 4206 etiam

326 4244 655 4309 Iohannes
702 4244 786 4309 ad
816 4245 989 4309 hunc
1021 4245 1338 4310 honorem
1372 4245 1748 4310 evehendus
1780 4250 1943 4328 erat,
1979 4248 2101 4310 etsi
2133 4265 2263 4309 non
2303 4248 2468 4309 sicut
2498 4244 2680 4308 Iesus

419 4484 433 4512 ¹
476 4482 615 4546 lna..
653 4497 690 4546 1,
728 4485 780 4538 5.
819 4512 887 4522 —
924 4481 946 4514 ²
985 4483 1000 4536 1
1040 4481 1198 4552 Rea„
1234 4497 1362 4544 xvl.
1398 4483 1481 4538 13.
1508 4514 1577 4522 —
1622 4482 1643 4512 ⁸
1679 4483 1760 4539 Cf.
1802 4485 1967 4548 DAN„
2003 4498 2044 4539 1.
2089 4514 2158 4522 —
2194 4484 2216 4514 ⁴
2253 4483 2331 4538 Cf.
2375 4484 2492 4547 ΕΖ..
2526 4497 2565 4538 1.
2608 4511 2679 4520 —

325 4567 347 4598 ⁵
385 4566 468 4622 Cf.
504 4567 577 4622 Is.
615 4581 653 4623 1.
694 4598 757 4607 —
796 4567 819 4599 ⁶
854 4567 1129 4637 Iofflmn„
1164 4581 1288 4632 ΧΠ,
1322 4568 1411 4623 23.
1446 4597 1517 4608 —
1554 4568 1574 4600 ‘¹
1613 4569 1887 4630 lenanu„
1923 4581 2070 4634 xvu,
2093 4571 2180 4624 21.
