3400 5642
1640 521 2102 610 «(154)»-

693 662 1005 744 Verbum,
1054 663 1222 748 quod
1268 667 1543 746 exsistit,
1598 664 1844 730 factum
1895 671 1996 730 est
2041 685 2198 730 caro
2229 671 2294 730 et
2339 667 2666 731 habitavit
2711 670 2781 731 in
2827 669 3042 733 nobis,

624 806 639 822 .
694 765 775 828 Et
798 763 1043 830 factum
1080 772 1180 831 est
1209 764 1393 832 *cum
1424 770 1792 850 exsisteret,
1825 774 1898 832 ut
1927 773 2399 852 agnosceretur
2424 788 2542 852 pro
2569 769 2736 852 aliis,
2763 789 2896 834 non
2919 789 3042 855 pro

696 889 765 934 se
810 871 971 952 ipso,
1018 868 1295 945 factum;
1344 889 1499 934 nam
1545 869 1671 934 sibi
1703 870 1873 934 Deus
1903 876 2067 952 erat,
2115 870 2304 935 nobis
2333 890 2496 935 vero
2525 876 2592 935 et
2625 877 2890 956 propter
2917 893 3044 937 nos

695 970 903 1036 voluit
946 971 1141 1035 homo
1186 970 1348 1036 fieri.
1402 973 1677 1052 Etenim,
1725 975 1877 1055 quia
1925 972 2316 1056 impossibile
2363 977 2510 1037 erat
2561 993 2682 1037 nos
2717 972 2887 1038 filios
2917 975 3048 1038 Pa-

696 1076 817 1138 tris
862 1077 1003 1138 eius
1053 1073 1199 1138 fieri
1244 1094 1329 1138 ex
1377 1095 1455 1140 eo
1500 1075 1669 1160 quod
1715 1079 1800 1141 sit
1845 1075 2068 1158 Filius,
2115 1079 2252 1160 ipse
2299 1096 2386 1140 ex
2437 1076 2627 1140 nobis
2671 1075 2884 1141 factus
2945 1083 3047 1141 est

696 1177 891 1242 homo
936 1179 1102 1242 sicut
1146 1198 1285 1260 nos,
1336 1182 1405 1241 ut
1446 1181 1537 1242 ita
1584 1199 1918 1262 possemus
1961 1185 2028 1243 et
2073 1198 2192 1244 nos
2238 1177 2357 1242 filii
2408 1179 2628 1244 Patris
2681 1184 2745 1242 et
2797 1178 3046 1244 fratres

698 1277 1033 1344 filiationis
1078 1281 1220 1344 eius
1264 1278 1429 1344 fieri.

784 1382 1029 1465 Itaque,
1076 1385 1135 1446 si
1178 1383 1289 1447 ille
1337 1385 1447 1466 qui
1490 1382 1704 1448 factus
1733 1391 1852 1466 est,
1883 1385 2078 1449 homo
2109 1390 2207 1449 est
2237 1387 2366 1468 qui,
2413 1391 2486 1449 ut
2529 1384 2602 1448 hi
2633 1383 2878 1466 dicunt,
2911 1404 3047 1450 non

697 1485 1054 1550 exsistebat
1100 1491 1449 1568 antequam
1494 1484 1699 1566 fieret,
1748 1491 1885 1550 tum
1933 1485 2064 1568 ille,
2119 1490 2284 1550 sicut
2316 1487 2512 1551 homo
2559 1486 2844 1570 quilibet,
2897 1487 3044 1568 sibi,

697 1607 830 1652 non
876 1586 1043 1670 aliis,
1090 1587 1305 1652 factus
1348 1594 1464 1652 est.
1514 1587 1682 1659 Quid
1729 1587 1960 1670 dicam,
2007 1591 2175 1653 sicut
2227 1589 2420 1654 homo
2467 1587 2770 1672 quilibet?
2817 1588 3043 1669 Imm0,

698 1694 896 1754 etiam
942 1693 1108 1755 sicut
1154 1689 1481 1774 quodlibet
1530 1710 1736 1774 genus
1781 1693 2236 1774 iumentorum,
2291 1698 2359 1756 et
2403 1693 2764 1776 beluarum,
2813 1699 2878 1758 et
2925 1713 3046 1757 vo-

696 1793 969 1875 lucrum,
1018 1813 1171 1856 nam
1216 1794 1383 1858 haec
1428 1796 1629 1858 etiam
1674 1791 1836 1856 fiunt
1881 1799 1950 1856 ut
1997 1797 2318 1859 exsistant
2363 1801 2429 1858 et
2473 1815 2589 1878 pro
2620 1796 2810 1860 nobis
2856 1794 3041 1877 fiunt,
3089 1856 3092 1861 .

698 1914 831 1960 non
855 1915 1015 1960 vero
1044 1900 1116 1958 ut
1146 1915 1263 1979 per
1294 1915 1479 1960 suam
1508 1898 1906 1960 creationem
1937 1895 2069 1960 alia
2095 1896 2178 1960 ad
2211 1900 2662 1962 exsistentiam
2693 1897 3042 1962 adducant.

700 1998 769 2060 Si
814 1997 1032 2061 dicunt
1078 1998 1281 2062 Deum
1328 1997 1502 2062 hunc
1548 2017 1808 2062 creasse
1839 2003 1910 2062 ut
1941 2017 2058 2081 per
2104 2019 2250 2062 eum
2297 1998 2464 2063 alios
2495 1999 2868 2082 redimeret,
2911 2006 3051 2064 tum

700 2100 811 2164 ille
856 2105 1121 2184 propter
1164 2121 1285 2165 nos
1330 2100 1541 2164 factus
1587 2105 1704 2182 est,
1753 2120 1874 2166 nec
1919 2121 2040 2165 nos
2085 2120 2203 2184 per
2241 2121 2390 2166 eum
2435 2102 2648 2166 denuo
2693 2107 2902 2167 creati
2940 2123 3048 2166 su-

701 2223 860 2266 muS.
910 2202 991 2266 Et
1022 2202 1560 2286 quemadmodum
1591 2205 1812 2268 omnia
1845 2222 2092 2286 genera
2121 2203 2606 2268 irrationalium
2637 2211 2904 2289 propter
2935 2227 3052 2270 nos

700 2304 875 2369 facta
922 2310 1089 2387 sunt,
1138 2305 1270 2369 alia
1318 2305 1402 2369 ad
1446 2305 1680 2387 cibum,
1731 2305 1864 2370 alia
1909 2305 1994 2370 ad
2033 2305 2551 2389 oblectationem,
2601 2307 2734 2372 alia
2781 2307 2864 2372 ad
2911 2309 3044 2373 alia

702 2427 995 2489 munera,
1044 2414 1109 2472 et
1154 2410 1353 2471 etiam
1398 2411 1647 2472 semina
1694 2414 1760 2472 et
1807 2408 2052 2473 herbae
2101 2413 2165 2472 et
2211 2409 2486 2473 arbores
2531 2413 2741 2474 omnis
2789 2415 3052 2494 generis

702 2514 969 2593 propter
1010 2529 1131 2574 nos
1175 2529 1484 2594 usumque
1530 2516 1826 2574 nostrum
1873 2510 2300 2595 multiplicata
2347 2516 2528 2574 sunt:
2579 2515 2674 2576 ita
2719 2519 2786 2576 et
2829 2512 2961 2595 ille,
2997 2517 3052 2578 si

702 2610 914 2676 factus
938 2616 1036 2675 est
1059 2631 1206 2676 cum
1244 2632 1375 2676 non
1400 2615 1765 2694 exsisteret,
1791 2619 1928 2677 tum
1953 2632 2070 2696 pro
2093 2613 2283 2676 nobis
2321 2618 2386 2676 et
2408 2619 2674 2697 propter
2695 2634 2816 2678 nos
2839 2613 3052 2681 factus

704 2718 802 2774 est
824 2716 903 2774 ut.
918 2711 1147 2775 salutis
1170 2718 1433 2776 nostrae
1458 2717 1756 2778 minister
1779 2715 1880 2776 sit.
1915 2713 1997 2776 Et
2029 2716 2104 2794 si,
2139 2719 2209 2777 ut
2247 2712 2526 2795 videtur,
2561 2714 2770 2778 salute
2801 2734 2931 2779 non
2953 2718 3054 2778 in-

703 2814 1153 2898 diguissemUS,
1188 2817 1324 2898 ipse
1356 2818 1806 2880 exsistentiam
1841 2835 2167 2898 nunquam
2198 2817 2585 2899 accepisset3
2635 2822 2719 2898 et,
2767 2822 2838 2880 ut
2891 2817 3054 2882 illud

704 2917 916 2982 dicam
964 2917 1133 3000 quod
1178 2937 1265 2981 ex
1312 2936 1383 2980 re
1432 2919 1571 3001 ipsa
1616 2916 2033 2982 manifestum
2079 2925 2197 3001 est,
2247 2921 2303 2982 si
2349 2939 2474 2983 non
2513 2923 3050 3003 peccavissemuS,

702 3021 924 3085 forsan
973 3021 1274 3084 Christus
1319 3026 1579 3084 creatus
1623 3040 1752 3083 non
1799 3019 2044 3084 fuisset.
2093 3021 2442 3086 Peccatum
2489 3025 2662 3085 enim
2711 3023 2827 3085 sub
2873 3021 3053 3086 debi-

704 3129 840 3187 tum
871 3125 1261 3207 passionum,
1296 3125 1527 3185 mortis
1557 3127 1748 3204 atque
1781 3122 2110 3186 maledicti
2139 3142 2260 3186 nos
2305 3126 2535 3206 posuit,
2585 3125 3049 3208 oportebatque

702 3245 825 3290 nos
870 3225 955 3291 ab
1000 3228 1097 3288 eis
1139 3224 1445 3288 liberari:
1512 3229 1903 3307 quapropter
1947 3243 2214 3288 necesse
2261 3231 2406 3289 erat
2454 3231 2524 3288 ut
2583 3226 2882 3290 Christus
2927 3247 3049 3292 nos

706 3326 1075 3391 redimeret.
1105 3326 1187 3389 Et
1220 3331 1483 3410 propter
1516 3325 1657 3406 hoc,
1690 3331 1762 3389 ut
1793 3324 2030 3407 dicunt,
2065 3325 2149 3389 ad
2179 3329 2628 3390 exsistentiam
2661 3331 2859 3410 venit,
2887 3330 3054 3392 sicut

635 3466 650 3478 ·
706 3433 905 3494 etiam
936 3431 1147 3512 quivis
1184 3426 1536 3526 &propheta
1566 3432 1638 3490 ut
1669 3429 2088 3512 prophetaret
2127 3434 2192 3491 et
2225 3431 2435 3492 omnis
2467 3428 2760 3493 salvator
2789 3436 3058 3513 propter

706 3532 983 3596 salutem
1028 3551 1220 3614 quam
1266 3529 1497 3595 effecit.
1546 3531 1628 3594 Et
1656 3550 1790 3594 non
1837 3531 2044 3595 solum
2075 3534 2324 3594 creatio
2371 3533 2512 3594 eius
2543 3533 2880 3595 invenitur
2909 3551 3052 3596 0330

708 3654 825 3717 pro
870 3634 1077 3715 nobiS,
1126 3633 1239 3697 sed
1284 3636 1485 3697 etiam
1531 3652 1649 3716 per
1678 3635 1886 3716 ipsam
1919 3636 2136 3696 omnia
2167 3631 2469 3716 prodigia
2501 3653 2664 3716 quae
2697 3637 2766 3697 in
2797 3634 3054 3718 dispen-

708 3739 959 3800 satione
992 3735 1169 3800 facta
1196 3743 1377 3800 sunt:
1414 3739 1695 3819 primum
1726 3735 1893 3818 quod
1923 3742 2272 3819 conceptus
2315 3739 2400 3800 sit
2455 3736 2695 3819 absque
2743 3740 3050 3820 coniugio

708 3845 774 3902 et
820 3841 1059 3902 exierit
1106 3841 1259 3920 quin
1306 3842 1495 3921 signa
1540 3841 1946 3921 virginitatis
1977 3837 2285 3920 laederet,
2321 3837 2490 3921 quod
2523 3837 2924 3922 glorificatus
2955 3846 3055 3903 est

710 3942 793 4005 ab
816 3940 1090 4024 angeliS,
1124 3947 1189 4004 et
1220 3940 1673 4004 manifestatus
1706 3947 1802 4004 est
1833 3959 1949 4024 per
1979 3940 2254 4022 stellam,
2297 3948 2364 4005 et
2394 3947 2822 4005 accurrerunt
2864 3941 3058 4027 “Magi

710 4045 792 4108 ab
824 4043 1089 4106 Oriente
1120 4045 1304 4126 eique
1336 4061 1610 4106 munera
1642 4043 2039 4118 obtulerunt3
2075 4063 2226 4108 nam
2257 4046 2313 4106 si
2336 4043 2532 4107 homo
2557 4047 2674 4125 est,
2709 4048 2779 4106 111
2812 4043 3054 4125 (11011111,

709 4146 874 4210 11000
921 4148 1159 4226 omnia,
1185 4150 1478 4228 tempore
1520 4147 1888 4209 nativitatis
1917 4148 2058 4208 eius
2103 4143 2352 4227 effecta,
2403 4165 2530 4210 non
2568 4144 2743 4209 sacta
2791 4151 2939 4208 sunt
2985 4151 3056 4209 ut

710 4247 819 4311 ille
868 4267 985 4331 per
1030 4263 1109 4311 ea
1158 4245 1659 4330 glorificaretur,
1709 4247 1822 4311 sed
1867 4254 1939 4311 ut
1983 4267 2103 4312 nos
2149 4249 2346 4312 rebus
2393 4247 2762 4311 huiusmodi
2807 4267 3062 4312 cresce-

712 4370 935 4413 remur
980 4355 1045 4414 et
1092 4351 1587 4414 honoraremur.
1638 4351 1914 4432 Etenim,
1941 4353 1996 4414 si
2041 4355 2178 4435 ipse
2225 4350 2438 4415 factus
2485 4356 2583 4414 est
2629 4355 2894 4434 propter
2923 4371 3059 4431 1103,

714 4458 953 4533 quanto
1001 4455 1212 4534 magis
1260 4452 1423 4516 haec
1470 4455 1708 4534 omnia,
1758 4455 1899 4516 eius
1944 4472 2162 4535 causa,
2209 4457 2436 4517 nostra
2476 4454 2951 4538 reputabuntur
2997 4459 3066 4517 et

714 4572 831 4635 pro
877 4554 1065 4616 nobis
1110 4553 1521 4618 scribentur?
1583 4554 1665 4618 Et
1711 4554 2247 4638 quemadmodum
2293 4555 2625 4620 mirabilia
2673 4575 2836 4639 quae
2883 4555 3062 4620 facta

3123 1089 3158 1134 5

3105 1601 3165 1646 lo

3105 2112 3161 2156 15
