3400 5642
1211 505 1323 590 4(
1372 505 1499 571 117
1547 505 1658 591 >nt-

272 654 481 712 autem
528 650 689 713 istas
735 648 1093 714 locutiones
1139 653 1481 733 recipiunt,
1527 668 1661 715 non
1709 653 1860 734 quia
1905 650 2134 716 volunt
2177 653 2248 714 in
2270 647 2606 716 *doctrina
2661 671 2716 727 p.
2751 655 2874 711 155.

272 752 599 817 Ecclesiae
645 771 934 835 manere,
982 752 1097 818 sed
1127 754 1277 836 quia
1308 755 1686 818 existimant
1733 773 1802 817 se
1836 773 1875 818 a
1913 751 2210 818 fidelibus
2239 753 2608 838 probandos

274 873 427 936 esse,
474 874 579 936 ne,
628 856 686 918 si
730 856 1190 920 invenirentur
1234 857 1512 920 reiicere
1559 853 1729 939 quod
1775 855 1858 920 ab
1911 855 2209 919 omnibus
2269 858 2604 940 recipitur,

274 955 353 1018 ab
396 956 697 1020 omnibus
741 956 1145 1021 haberentur
1188 962 1260 1020 ut
1306 958 1629 1039 extranei,
1656 963 1721 1022 et
1767 960 1953 1041 quasi
1997 959 2211 1042 aperti
2238 959 2490 1022 inimici
2522 977 2607 1022 ex

201 1073 226 1116 5
272 1057 547 1122 ovilibus
600 1058 1059 1123 ecclesiasticis
1118 1060 1533 1124 eiicerentur.
1589 1058 1756 1123 Nam
1809 1062 1866 1123 si
1918 1061 2318 1143 unusquique
2379 1078 2607 1124 eorum

272 1180 425 1226 sano
456 1180 669 1244 sensu,
704 1179 837 1226 non
868 1165 1086 1226 autem
1116 1181 1205 1226 ex
1234 1163 1569 1226 coactione
1601 1181 1718 1226 seu
1748 1164 1982 1226 timore
2015 1158 2320 1243 fidelium,
2347 1165 2412 1225 et
2435 1161 2607 1225 zela-

272 1269 481 1327 torum
528 1262 1067 1347 prudentiumque
1131 1266 1238 1347 qui
1298 1266 1473 1328 inter
1516 1283 1630 1329 eos
1682 1268 1852 1345 sunt,
1915 1266 2075 1328 istas
2136 1263 2496 1328 locutiones
2543 1267 2607 1326 et

270 1385 458 1430 voces
488 1367 835 1450 acciperet,
869 1364 1036 1429 nihil
1068 1365 1445 1450 prohiberet
1476 1385 1704 1430 earum
1750 1384 2010 1430 sensum
2055 1370 2234 1430 recte
2288 1367 2605 1449 recipere,

270 1473 331 1530 et
373 1467 497 1531 has
529 1486 755 1532 omnes
784 1469 951 1532 sicut
982 1487 1102 1532 nos
1132 1466 1551 1551 intellegere;
1600 1486 1726 1532 nec
1770 1487 1886 1532 eas
1927 1486 2126 1532 unam
2159 1466 2244 1531 ab
2275 1466 2409 1531 alia
2441 1465 2609 1531 divi-

180 1580 225 1626 10
272 1568 515 1652 derent,
548 1589 671 1634 nec
703 1589 931 1634 earum
962 1567 1507 1653 significationem
1538 1570 1758 1634 alieno
1787 1589 1982 1634 sensu
2021 1569 2447 1654 explicarent.
2482 1567 2609 1633 Sed

268 1673 411 1755 quia
460 1677 728 1756 propter
756 1670 1195 1754 traditionem,
1230 1691 1393 1755 quae
1424 1690 1543 1756 per
1570 1672 1693 1737 hos
1745 1672 2116 1736 haereticos
2159 1674 2230 1735 in
2283 1670 2610 1756 simplices

267 1779 630 1858 propagata
676 1781 792 1856 est,
841 1773 1027 1838 multi
1072 1793 1161 1838 ex
1182 1772 1481 1838 fidelibus
1506 1774 1671 1840 tales
1690 1774 2052 1840 locutiones
2083 1778 2378 1860 recipere
2411 1773 2608 1839 decli-

271 1881 446 1960 nant,
496 1882 561 1941 et
608 1876 724 1940 alii
756 1875 1011 1960 quidem
1043 1879 1350 1941 reiiciunt
1380 1896 1461 1942 ea
1492 1895 1657 1961 quae
1688 1876 1774 1941 ab
1803 1876 2236 1961 Eutychianis
2281 1877 2606 1958 dicuntur,

270 1979 379 2043 alii
424 1998 587 2044 vero
620 1981 945 2063 accipiunt
992 1998 1157 2062 quae
1202 1997 1243 2042 a
1274 1978 1684 2044 Nestorianis
1713 1984 2131 2064 usurpantur,
2165 1982 2607 2044 necessarium

179 2095 224 2138 15
272 2087 365 2146 est
408 2101 531 2146 nos
576 2100 803 2146 omnes
846 2080 969 2146 has
1014 2099 1210 2146 voces
1255 2086 1320 2145 et
1363 2081 1742 2163 locutiones,
1775 2101 1940 2165 quae
1972 2101 2059 2145 ex
2105 2086 2379 2166 utraque
2419 2087 2606 2167 parte

268 2185 588 2266 dicuntur,
636 2183 829 2248 simul
860 2186 1179 2268 accipere,
1212 2190 1279 2248 et
1322 2203 1551 2248 earum
1596 2205 1858 2250 sensum
1905 2187 2012 2267 qui
2064 2204 2264 2248 verus
2293 2190 2360 2248 et
2390 2189 2608 2249 rectus

268 2291 377 2371 est,
426 2307 562 2352 non
607 2288 773 2351 sicut
816 2286 1008 2352 nobis
1053 2285 1285 2371 placet,
1316 2285 1433 2350 sed
1456 2285 1992 2370 quemadmodum
2015 2288 2250 2352 Patres
2279 2292 2345 2351 et
2377 2287 2607 2352 Docto·

266 2409 367 2454 res
412 2393 780 2472 senserunt,
828 2388 1235 2472 intellegere.

675 2607 723 2670 Ι.
772 2605 1102 2680 ΟυοΜοοο
1149 2625 1675 2671 mmai-:cmm
1739 2625 1914 2671 SUNT
1967 2625 2177 2672 mac:

176 2717 221 2763 2⁰
913 2709 1157 2772 «Dans
1204 2725 1391 2772 nomo
1437 2725 1697 2773 FAc'rth
1744 2725 1957 2773 EST».

350 2900 643 2964 Verbum
690 2899 857 2984 q'uod
880 2919 998 2985 pro
1049 2921 1085 2963 ‹
1118 2898 1267 2964 fieri
1298 2922 1335 2963 »
1383 2901 1453 2966 in
1477 2900 1696 2965 Libris
1727 2899 1971 2965 divinis
1993 2904 2274 2985 ponitur,
2307 2907 2373 2964 et
2405 2903 2609 2965 etiam

265 3021 301 3065 a
345 3003 733 3068 Doctoribus
777 3002 1037 3078 dicitur,
1092 3001 1432 3088 multiplici
1476 3021 1671 3068 sensu
1717 3005 2054 3088 accipitur,
2103 3006 2270 3068 sicut
2321 3006 2393 3068 in
2451 3023 2611 3087 qua-

268 3124 535 3188 cumque
582 3107 908 3170 sententia
954 3104 1133 3170 clare
1178 3107 1445 3169 iamiam
1500 3112 1882 3189 exponetur.
1943 3104 2080 3170 Hoc
2125 3107 2302 3169 enim
2332 3105 2608 3169 verbum

269 3229 302 3270 «
332 3205 479 3272 fieri
512 3228 548 3270 »
599 3206 1045 3292 praedicatum
1077 3212 1175 3272 est
1206 3205 1555 3291 aliquando
1587 3206 1665 3272 de
1698 3210 1796 3272 eis
1840 3227 2004 3292 quae
2035 3227 2122 3271 ex
2153 3206 2362 3271 nihilo
2393 3204 2606 3271 *facta
2663 3226 2720 3282 p.
2755 3211 2874 3267 156.

172 3308 218 3358 ²5
265 3313 429 3384 sunt,
478 3313 543 3373 et
590 3311 789 3374 etiam
830 3308 915 3373 ‘de
962 3311 1285 3374 creaturis
1330 3328 1494 3392 quae
1548 3327 1634 3373 ex
1680 3311 1822 3374 istis
1875 3311 2264 3374 constitutae
2297 3314 2464 3373 sunt.
2500 3309 2607 3371 Di-

264 3414 430 3477 citur
476 3415 678 3476 etiam
712 3411 967 3495 quando
998 3411 1195 3477 homo
1225 3416 1529 3476 recenter
1587 3414 1837 3496 accepit
1888 3409 1955 3476 id
2009 3410 2178 3495 quod
2232 3417 2428 3476 antea
2473 3430 2608 3475 non

268 3512 571 3587 habebat,
620 3519 687 3578 et
731 3513 943 3578 factus
988 3518 1085 3578 est
1130 3512 1199 3576 id
1244 3511 1412 3598 quod
1454 3533 1589 3578 non
1632 3519 1798 3578 erat.
1848 3513 2152 3596 Rursum,
2209 3514 2472 3578 dicitur
2525 3512 2606 3576 de

264 3614 613 3680 concordia
668 3635 831 3700 quae
893 3617 1151 3679 exsistit
1209 3617 1386 3678 inter
1436 3614 1705 3692 multos3
1755 3620 1821 3680 et
1867 3618 2066 3679 etiam
2111 3616 2223 3680 ubi
2257 3614 2608 3679 diversitas

264 3721 648 3782 naturarum
695 3737 813 3803 per
842 3716 1003 3782 illud
1042 3719 1443 3800 agnoscitur,
1470 3737 1744 3801 quarum
1769 3716 1939 3782 aliae
1972 3737 2059 3782 ex
2091 3717 2306 3800 aliquo
2337 3722 2402 3782 et
2434 3717 2606 3781 aliae

169 3822 217 3870 ³⁰
264 3839 346 3884 ex
390 3820 603 3886 nihilo
646 3819 863 3884 factae
894 3826 1062 3885 sunt.
1096 3820 1403 3903 Rursum,
1450 3821 1764 3885 scribitur
1807 3841 2056 3904 quoque
2088 3819 2168 3884 de
2197 3823 2346 3884 viro
2377 3825 2443 3884 et
2466 3838 2608 3883 mu-

261 3921 419 3988 liere
452 3925 563 4007 qui
594 3924 795 3988 etiam
825 3943 958 3987 una
1011 3942 1167 3988 caro
1214 3920 1391 3987 fiunt.
1450 3923 1701 3988 Dicitur
1754 3928 2102 4008 praeterea
2155 3925 2351 3987 etiam
2399 3921 2478 3986 de
2511 3920 2608 3986 di·

265 4027 677 4109 spensatione
710 4025 827 4089 Dei
857 4024 1065 4089 Verbi
1096 4027 1165 4088 in
1196 4043 1415 4088 carne.

348 4127 473 4193 Ubi
520 4126 859 4211 Scriptura
891 4125 971 4190 de
1003 4126 1308 4210 operibus
1351 4128 1446 4190 ait
1484 4125 1536 4190 ¹:
1591 4147 1627 4189 ‹
1660 4125 1805 4210 Ipse
1854 4125 2022 4191 dixit
2082 4133 2145 4190 et
2200 4125 2376 4191 facta
2421 4131 2603 4203 sunt;

260 4231 391 4313 ipse
423 4229 763 4294 mandavit
793 4235 860 4293 et
890 4234 1115 4294 creata
1146 4234 1297 4294 sunt
1328 4249 1387 4312 2»,
1422 4234 1487 4294 et
1518 4228 1576 4294 ²:
1631 4249 1667 4290 «
1699 4229 1776 4292 In
1807 4231 2127 4314 principio
2151 4231 2404 4294 creavit
2435 4229 2606 4292 Deus

164 4337 212 4383 35
260 4332 511 4397 caelum
535 4337 601 4396 et
624 4337 869 4396 terram
899 4353 958 4414 »,
993 4336 1057 4395 et
1083 4330 1141 4395 3:
1173 4351 1209 4394 ⁴<
1236 4331 1415 4395 Dixit
1440 4332 1641 4396 Deus:
1676 4331 1824 4396 Fiat
1849 4331 1965 4396 lux
1990 4337 2054 4396 et
2077 4331 2253 4396 facta
2279 4336 2375 4396 est
2399 4330 2516 4395 lux
2541 4353 2602 4414 2»,

353 4554 366 4582 ¹
404 4553 504 4607 Ps.
542 4565 789 4614 chvm.
823 4551 877 4605 5.
916 4581 987 4592 —
1021 4549 1044 4584 ³
1084 4552 1247 4616 Gen..
1283 4565 1322 4616 1,
1362 4551 1411 4606 1.
1449 4579 1519 4590 —
1556 4548 1578 4580 ⁸
1618 4551 1782 4613 Gen„
1820 4563 1860 4613 1.
1895 4549 1948 4605 3.
