3400 5642
402 3222 459 3277 p.
497 3211 615 3266 182.

676 645 943 726 poratus
988 646 1089 706 est
1134 646 1199 706 et
1230 643 1517 706 animam
1549 645 1838 727 sumpsit.
1887 643 2031 709 Non
2063 646 2240 709 enim
2285 646 2452 709 sicut
2481 643 2680 709 habet
2725 649 3038 709 naturam

677 764 763 808 ex
808 743 1028 825 Patre,
1076 746 1172 807 ita
1218 748 1283 807 et
1334 743 1563 809 habuit
1628 745 1828 808 aliam
1889 751 2196 810 naturam
2261 765 2349 811 ex
2395 751 2639 822 matre;
2701 745 2816 810 sed
2873 745 3032 810 inde

676 845 875 910 habet
920 851 1227 910 naturam
1274 851 1339 910 et
1384 864 1752 930 personam,
1801 846 1956 912 hinc
1987 867 2148 913 vero
2178 849 2702 912 incarnationem
2741 852 2808 912 et
2837 847 3038 912 inhu-

676 949 1119 1012 manationem
1150 950 1291 1012 sine
1323 950 1719 1025 mutatione3
1747 954 1814 1012 et
1845 948 1998 1013 dum
2028 955 2270 1016 natura
2301 953 2444 1014 eius
2473 969 2561 1014 ex
2590 950 2790 1014 Patre
2823 969 3033 1034 agno-

677 1052 898 1132 scitur,
948 1069 1104 1114 caro
1151 1052 1292 1114 eius
1338 1069 1426 1114 ex
1472 1056 1683 1116 matre
1730 1056 1861 1127 est;
1911 1070 2044 1115 non
2090 1051 2345 1135 quidem
2395 1071 2552 1117 caro
2599 1058 2852 1116 tantum
2883 1055 3028 1116 sine

677 1153 917 1234 anima,
965 1170 1087 1216 nec
1132 1153 1355 1216 anima
1402 1154 1541 1217 sine
1591 1158 1826 1234 mente,
1861 1171 2014 1218 nam
2045 1152 2212 1218 haec
2242 1152 2696 1218 inhumanatio
2713 1185 2720 1194 ·
2736 1154 3034 1238 partibus

674 1273 807 1318 non
854 1256 1175 1329 constitit;
1224 1272 1359 1318 non
1404 1256 1581 1318 enim
1626 1255 1920 1319 Verbum
1966 1257 2264 1338 agnitum
2311 1260 2410 1318 est
2455 1259 2728 1319 seorsim
2775 1258 2846 1319 in
2875 1254 3034 1319 Vir-

676 1359 848 1439 gine,
912 1375 1035 1421 nec
1096 1375 1253 1420 caro
1314 1357 1455 1422 eius
1500 1359 1776 1422 seorsim
1820 1362 2016 1422 extra
2061 1360 2289 1442 ipsum,
2336 1362 2408 1420 ut
2467 1363 2691 1442 postea
2736 1359 2912 1422 inter
2957 1379 3030 1422 se

674 1461 1105 1523 convenirent
1150 1458 1413 1522 vinculo
1458 1460 1754 1534 unionis;
1819 1458 1934 1523 sed
1978 1464 2154 1523 totus
2213 1459 2384 1524 Deus
2429 1458 2757 1544 perfectus
2815 1457 3031 1524 factus

674 1566 773 1624 est
795 1559 1083 1644 perfecte
1114 1581 1203 1624 ex
1232 1560 1448 1625 Maria
1472 1579 1629 1626 caro
1661 1566 1728 1625 et
1759 1561 1982 1638 homo;
2016 1580 2364 1625 numerum
2392 1580 2554 1625 vero
2585 1580 2720 1625 non
2749 1564 3021 1646 accepit,

673 1681 881 1745 neque
930 1661 1171 1746 duplex
1215 1662 1458 1727 factum
1508 1683 1649 1726 esse
1681 1665 2120 1745 existimatur,
2169 1665 2322 1746 quia
2368 1665 2440 1726 in
2484 1662 2700 1726 Maria
2745 1665 3029 1746 primum

673 1782 802 1836 non
864 1765 1130 1846 agnitae
1200 1769 1346 1828 sunt
1414 1764 1581 1829 duae
1651 1783 1972 1849 personae
2043 1769 2155 1828 aut
2224 1769 2500 1828 naturae
2569 1783 2734 1848 quae
2802 1769 3030 1849 postea

672 1869 897 1930 unitae
959 1869 1107 1931 sint.
1172 1865 1241 1932 Si
1300 1866 1367 1931 id
1428 1866 1790 1948 accidisset,
1853 1865 2080 1932 forsan
2140 1886 2340 1932 causa
2409 1873 2578 1931 esset
2640 1887 2760 1932 cur
2817 1866 3028 1950 dupli-

673 1971 838 2033 citas
890 1971 1298 2052 cogitaretur
1350 1974 1417 2034 et
1468 1988 1782 2032 numerus
1833 1967 2274 2034 induceretur.
2331 1968 2518 2032 Nunc
2571 1974 2792 2032 autem
2859 1968 3032 2052 quod

672 2070 782 2134 ille
830 2073 939 2154 qui
984 2073 1053 2135 in
1114 2075 1303 2135 utero
1349 2071 1695 2154 habitavit,
1758 2070 1988 2135 Virtus
2031 2070 2372 2154 Altissimi,
2426 2074 2564 2155 ipse
2603 2071 2894 2136 creditur
2939 2091 3029 2134 ex

673 2193 751 2238 eo
796 2175 1179 2237 incarnatus
1224 2178 1290 2238 et
1334 2173 1819 2256 inhumanatus,
1883 2178 1948 2238 et
1993 2172 2204 2238 factus
2264 2172 2332 2237 id
2377 2172 2546 2257 quod
2591 2175 3026 2257 unusquisque

671 2279 965 2338 nostrum
1012 2280 1129 2358 est,
1179 2275 1419 2360 absque
1465 2277 1846 2358 mutatione,
1895 2274 2090 2339 homo
2137 2273 2482 2360 perfectuS,
2521 2294 2656 2340 non
2701 2279 2800 2340 est
2844 2273 3028 2339 locus

673 2376 997 2441 sentiendi
1020 2383 1133 2441 aut
1157 2376 1415 2442 dicendi
1440 2381 1660 2460 partes
1682 2380 1754 2440 in
1785 2397 1864 2441 eo
1889 2397 2030 2441 esse
2063 2396 2228 2461 quae
2253 2377 2373 2440 sub
2394 2396 2741 2440 numerum
2765 2375 3024 2458 cadant,

672 2481 823 2561 quia
854 2497 1039 2542 mens
1068 2498 1201 2543 non
1232 2483 1443 2562 potest
1473 2478 1764 2544 Verbum
1796 2481 1867 2542 in
1896 2483 2086 2542 utero
2119 2476 2540 2542 considerare
2571 2497 2720 2542 cum
2756 2496 3026 2541 carnem

671 2599 803 2644 non
850 2580 1125 2644 haberet
1168 2599 1291 2645 nec
1338 2599 1606 2645 carnem
1668 2599 2029 2664 agnoscere
2091 2583 2161 2644 in
2207 2582 2472 2665 propria
2534 2583 2810 2662 ratione,
2859 2599 3024 2662 quae

669 2703 803 2747 non
850 2689 1020 2746 esset
1066 2683 1289 2747 Verbi.
1324 2682 1508 2756 Quod
1539 2683 2041 2748 deliramentum
2073 2703 2220 2747 oum
2251 2685 2322 2747 in
2352 2687 2568 2747 mente
2601 2685 3024 2766 accepissent,

672 2788 781 2868 qui
841 2791 1187 2850 senserunt
1232 2790 1297 2850 et
1358 2785 1670 2850 dixerunt
1731 2785 1893 2850 duas
1961 2805 2102 2850 esse
2172 2789 2244 2850 in
2310 2785 2574 2850 Christo
2634 2790 2928 2866 naturas,
2985 2803 3026 2848 a

672 2888 945 2951 scientia
992 2906 1157 2970 quae
1204 2886 1732 2951 inhumanationi
1778 2889 2103 2969 convenit,
2153 2885 2553 2952 defecerunt.

761 2988 903 3054 Una
950 2994 1049 3054 est
1093 3008 1257 3073 ergo
1303 2994 1542 3054 natura
1574 3008 1866 3073 unusque
1911 3008 2224 3054 numerus
2252 2988 2478 3071 Verbi,
2511 3007 2643 3052 una
2691 2990 2832 3052 eius
2878 3007 3026 3072 per-

670 3111 831 3157 sona
878 3109 1203 3176 unumque
1254 3111 1291 3154 ‹<
1324 3111 1464 3156 esse
1500 3114 1559 3174 »,
1587 3090 1799 3174 quoad
1836 3097 2177 3175 utramque
2207 3093 2641 3173 nativitatem,
2675 3095 3026 3174 antequam

673 3192 859 3258 fieret
905 3198 969 3257 et
1016 3198 1351 3278 postquam
1398 3193 1642 3258 factum
1690 3199 1805 3257 est.
1869 3193 2086 3276 Ipsum
2133 3196 2308 3258 enim
2354 3191 2598 3258 factum
2653 3197 2750 3256 est
2796 3189 3028 3256 *homo

672 3317 757 3361 ex
801 3296 1083 3380 Virgine
1131 3298 1281 3380 quia
1313 3296 1814 3360 inhumanatum
1845 3301 1963 3378 est,
1997 3315 2118 3360 nec
2151 3295 2350 3359 alium
2384 3295 2714 3359 hominem
2763 3295 2888 3358 sibi
2919 3314 3028 3359 co-

672 3399 939 3482 pulavit.
989 3397 1203 3482 Ipsum
1238 3397 1673 3481 personaliter
1703 3397 1948 3462 factum
1981 3402 2078 3462 est
2117 3417 2274 3462 caro
2305 3400 2446 3460 sine
2479 3399 2858 3479 mutatione,
2891 3415 3026 3460 non

671 3507 891 3565 autem
934 3519 1205 3564 carnem
1252 3504 1545 3564 creatam
1576 3519 1742 3582 quae
1790 3502 1873 3562 sit
1903 3498 2196 3582 alterius,
2229 3498 2386 3563 fecit
2432 3518 2650 3574 suam;
2685 3503 2752 3562 et
2781 3499 2838 3562 si
2870 3517 3026 3562 con-

671 3599 931 3666 fitemur
969 3604 1176 3686 ipsum
1209 3603 1397 3665 carni
1427 3604 1679 3664 unitum
1713 3621 1855 3666 esse
1903 3606 1969 3665 et
1998 3601 2516 3683 inhumanatum,
2551 3619 2817 3664 carnem
2851 3619 3025 3664 com-

670 3722 931 3766 munem
978 3702 1272 3785 dicimuS,
1303 3721 1437 3766 non
1468 3699 1631 3766 vero
1662 3722 1932 3767 carnem
1964 3721 2127 3786 quae
2161 3705 2341 3785 prius
2371 3701 2663 3784 alteriuS,
2704 3706 2768 3765 et
2801 3705 3024 3785 postea

671 3807 873 3888 ipsius
918 3803 1135 3869 fuerit.
1187 3803 1509 3889 Scriptum
1556 3809 1654 3868 est
1686 3808 1861 3868 enim
1909 3805 2077 3889 quod
2121 3824 2192 3868 se
2225 3806 2594 3868 exinanivit
2633 3810 2698 3869 et
2744 3803 3024 3868 formam

670 3909 849 3970 servi
881 3909 1245 3990 assumpsit,
1278 3904 1346 3969 id
1378 3911 1493 3989 est,
1528 3905 2021 3971 similitudinem
2069 3911 2132 3970 et
2180 3905 2474 3970 habitum
2521 3907 3023 3987 uniuscuiusque

668 4013 983 4091 nostrum,
1012 4028 1175 4092 quae
1223 4029 1341 4093 per
1386 4027 1653 4074 carnem
1700 4013 2200 4093 cognoscuntur.
2251 4007 2414 4092 Ipse,
2441 4028 2587 4073 cum
2634 4009 3024 4091 praesertim

670 4111 869 4175 vellet
915 4131 982 4175 se
1030 4111 1381 4176 humiliare
1414 4117 1479 4176 et
1510 4111 1595 4176 ad
1626 4116 1993 4176 extremum
2025 4113 2236 4176 omnis
2267 4111 2740 4175 exinanitionis
2769 4111 3022 4189 venire,

671 4233 712 4278 a
757 4233 957 4278 carne
1003 4216 1266 4298 incepit,
1313 4212 1379 4277 id
1427 4219 1525 4278 est
1572 4217 1851 4298 primum
1897 4217 2280 4279 incarnatus
2327 4206 2444 4295 est,
2477 4215 2696 4296 sicque
2742 4210 3024 4276 formam

671 4319 849 4380 servi
896 4318 1021 4382 sibi
1068 4319 1443 4401 assumpsit;
1494 4321 1559 4380 et
1605 4321 1830 4400 postea
1876 4315 2268 4381 informatus
2305 4320 2404 4381 est
2449 4317 2670 4378 anima
2717 4320 2782 4378 et
2811 4312 3026 4378 factus

670 4422 788 4501 est,
821 4423 893 4481 ut
917 4422 1229 4504 scriptum
1260 4424 1357 4482 est
1388 4417 1427 4501 ¹,
1482 4439 1518 4482 ε(
1544 4420 1612 4482 in
1646 4417 2136 4482 similitudinem
2167 4417 2524 4499 hominum,
2559 4421 2624 4480 et
2663 4415 2892 4479 habitu
2922 4417 3025 4478 in-

763 4548 1091 4619 ¹Phiczpp„
1130 4564 1191 4612 11,
1225 4550 1279 4602 7.

3119 1069 3158 1114 5

3089 1581 3152 1626 10

3091 2093 3148 2137 15

3083 2599 3144 2642 20
