3400 5642
174 1579 234 1623 10

174 2089 231 2134 15

1238 501 1347 578 -24
1400 496 1527 561 169
1573 499 1685 584 st

288 641 439 707 ficio
488 643 753 724 antiquo
798 645 1050 728 tantum
1090 646 1459 710 sumeretur
1488 643 1618 706 nisi
1648 661 1733 732 311
1765 644 1902 725 ipso
1935 644 2244 706 virtutem
2293 645 2636 726 acciperet,

292 763 419 828 qua
467 744 740 809 alterius
787 741 1067 833 aedificii
1113 745 1371 806 initium
1410 763 1551 806 esse
1600 749 1664 807 et
1710 763 1935 810 omnes
1966 763 2162 826 super
2207 746 2416 828 ipsum
2461 743 2638 808 aedi-

289 843 582 913 ficandos
614 829 853 930 absque
885 847 1242 910 mutatione
1275 849 1339 928 et
1372 847 1897 928 concupiscentia
1937 851 2001 926 et
2031 845 2360 920 illecebris
2391 848 2642 932 peccati

290 968 564 1012 servare
612 953 845 1040 posset,
894 950 1070 1011 misit
1115 937 1351 1013 Filium
1399 967 1585 1012 suum
1632 949 2042 1032 unigenitum
2089 967 2206 1031 per
2251 967 2438 1032 quem
2485 936 2641 1037 fecit

292 1056 358 1114 et
384 1051 647 1122 saecula
672 1055 735 1114 et
761 1053 944 1114 cuius
974 1052 1238 1136 virtutis
1268 1048 1471 1125 verbo
1504 1052 1725 1135 ,omnia
1757 1049 1841 1114 ad
1872 1052 2320 1137 exsistentiam
2346 1049 2636 1135 adduxit.

290 1150 411 1213 Ille
460 1149 791 1215 descendit
839 1150 921 1214 ab
970 1171 1047 1214 eo
1080 1153 1218 1214 sine
1252 1153 1608 1214 mutatione
1657 1155 1740 1232 et,
1775 1149 2128 1215 secundum
2165 1149 2440 1216 verbum
2489 1170 2642 1234 apo-

292 1253 613 1335 stolicum,
662 1255 1072 1338 semetipsum
1107 1254 1492 1328 exinanivit,
1542 1259 1608 1316 et
1654 1273 1738 1330 ex
1786 1251 2036 1316 artifice
2075 1251 2286 1339 factus
2331 1258 2428 1316 est
2475 1252 2644 1336 lapis

292 1377 413 1441 per
458 1359 981 1421 incarnationem
1029 1361 1094 1418 et
1139 1354 1746 1432 inhumanationem
1784 1341 1988 1446 suam,
2039 1360 2104 1419 et
2149 1355 2228 1418 de
2277 1361 2494 1440 monte
2541 1353 2642 1419 fa-

290 1459 515 1525 miliae
564 1442 873 1521 Abrahae
907 1460 1045 1521 sine
1079 1456 1379 1520 manibus
1410 1445 1733 1521 abscissus
1763 1462 1878 1520 est.
1921 1457 2108 1523 Hunc
2140 1459 2350 1541 posuit
2396 1459 2466 1520 in
2496 1457 2644 1520 fun-

292 1561 618 1625 damentis
665 1557 947 1624 aedificii
992 1563 1060 1632 ut
1110 1561 1211 1639 sit,
1261 1560 1426 1622 sicut
1480 1557 1646 1622 dixit
1708 1559 2044 1642 propheta,
2091 1559 2258 1642 lapis
2304 1558 2644 1642 angularis

292 1668 358 1726 et
406 1660 919 1736 fundamentum.
969 1659 1105 1741 Ille,
1157 1663 1353 1724 etiam
1400 1668 1733 1752 postquam
1768 1658 1980 1740 factus
2019 1666 2136 1743 est,
2183 1660 2356 1724 idem
2404 1663 2644 1724 utrius-

292 1783 417 1848 que
465 1767 765 1846 respectu
811 1765 1083 1837 mansit;
1132 1781 1305 1843 nam,
1347 1765 1497 1844 quia
1543 1761 1757 1829 factus
1788 1767 1903 1854 est,
1953 1765 2198 1853 positus
2245 1767 2342 1826 est
2388 1765 2458 1825 in
2496 1761 2645 1830 fun-

293 1865 669 1931 damentum
720 1862 1020 1946 aedificii,
1070 1869 1153 1944 et,
1203 1867 1353 1947 quia
1386 1868 1501 1946 est,
1550 1855 1931 1952 constanter
1960 1867 2029 1927 in
2062 1862 2358 1928 aedificio
2391 1863 2643 1928 habitat

290 1957 580 2050 illudque
627 1965 880 2051 perficit
910 1972 983 2030 ut
1012 1965 1346 2050 fastigium
1381 1969 1521 2032 eius
1553 1966 1637 2031 ad
1668 1967 1870 2030 Deum
1903 1971 1966 2033 et
1997 1967 2264 2032 Patrem
2295 1966 2638 2056 perducat;

291 2076 358 2134 et
406 2072 539 2133 iam
585 2089 707 2134 nec
755 2072 1097 2136 renovatio
1144 2072 1285 2134 eius
1330 2071 1683 2133 veterascit
1727 2089 1850 2133 nec
1896 2067 2171 2133 firmitas
2217 2071 2356 2160 eius
2410 2088 2645 2149 concu-

290 2157 479 2254 titur,
526 2175 690 2266 quia·
724 2171 889 2255 lapis
936 2173 1003 2236 in
1049 2170 1491 2237 fundamentis
1536 2175 1782 2255 positus
1826 2191 1959 2236 non
2013 2177 2110 2236 est
2171 2171 2365 2235 homo
2419 2170 2644 2250 *vetus
2743 2221 2752 2230 .

291 2275 412 2340 sed
457 2275 627 2338 Deus
675 2280 978 2339 recenter
1022 2274 1505 2338 inhumanatus
1554 2274 2026 2339 Inhumanatus
2068 2294 2229 2338 vero
2276 2277 2373 2337 est
2419 2278 2489 2340 ut
2520 2271 2645 2338 sibi

195 2458 202 2464 -
293 2372 664 2441 aedificium
698 2381 845 2460 apte
877 2378 1323 2459 imponeretur
1342 2364 1417 2440 ⁸et
1450 2379 1584 2460 ipse
1610 2379 2067 2460 cognationem
2099 2375 2466 2446 naturalem
2499 2395 2643 2439 cum

292 2481 536 2542 ceteris
567 2477 889 2562 lapidibus
919 2497 1113 2560 super
1142 2480 1423 2561 seipsum
1457 2476 1878 2542 aedificandis
1908 2476 2346 2556 contraheret.
2381 2476 2463 2539 Et
2495 2477 2644 2558 quia

290 2601 431 2646 non
478 2581 685 2661 solum
732 2580 987 2660 carnali
1025 2561 1264 2663 'generi
1312 2580 1641 2662 Abrahae,
1684 2582 1849 2647 sicut
1894 2579 2251 2672 Abraham,
2301 2579 2414 2642 sed
2446 2581 2646 2642 etiam

292 2685 597 2749 omnibus
643 2683 1014 2749 hominibus
1066 2681 1277 2747 factus
1338 2689 1435 2748 est
1493 2683 2008 2764 fundamentum,
2069 2681 2314 2756 idcirco
2376 2686 2646 2745 vocatus

292 2792 397 2852 est
445 2787 612 2870 lapis
659 2786 1019 2871 angularis,
1069 2789 1175 2869 qui
1224 2786 1387 2850 solet
1434 2789 1720 2870 parietes
1764 2789 1940 2851 inter
1985 2807 2052 2852 se
2094 2785 2430 2871 colligare,
2480 2789 2644 2850 sicut
2743 2790 2747 2793 ’

290 2890 520 2954 docuit
567 2891 764 2953 etiam
813 2889 1129 2972 propheta
1156 2891 1212 2952 1;
1284 2877 1522 2953 <Ecce
1569 2909 1806 2973 ponam
1853 2892 1922 2952 in
1969 2887 2124 2953 Sion
2169 2887 2450 2972 lapidem
2499 2908 2646 2972 pro-

290 2993 541 3074 batum,
591 2991 999 3076 angularem,
1049 2995 1401 3076 pretiosum
1437 3013 1495 3055 ».
1546 2991 1628 3054 Et
1675 2991 1884 3056 David
1915 2995 2114 3056 etiam
2147 2991 2312 3058 dixit
2336 2989 2396 3054 2:
2452 3012 2488 3054 ‹<
2520 2990 2645 3054 La-

290 3084 513 3178 pidem
562 3113 750 3176 quem
796 3094 1318 3176 reprobaverunt
1364 3091 1804 3178 aedificanteS,
1837 3093 1946 3157 hic
1974 3092 2186 3156 factus
2218 3097 2315 3156 est
2353 3095 2421 3157 in
2454 3097 2646 3176 caput

290 3193 672 3260 aedificii».
726 3195 804 3258 Et
852 3198 993 3278 eius
1039 3195 1243 3258 verba
1291 3194 1625 3282 elucidans
1670 3194 2069 3278 Redemptor
2120 3200 2344 3260 noster
2391 3195 2558 3280 dixit
2583 3191 2640 3257 3:

294 3318 333 3362 ‹<
373 3297 495 3360 Hic
542 3302 639 3361 est
685 3297 869 3380 lapiS,
920 3317 1107 3388 quem
1171 3317 1287 3361 vos
1334 3295 1754 3360 aedificantes
1815 3298 2232 3380 reprobastiS,
2283 3299 2389 3380 qui
2435 3294 2646 3360 factus

289 3406 397 3468 est
444 3403 513 3464 in
560 3405 752 3484 caput
800 3398 1171 3464 aedificii».
1224 3401 1304 3470 Et
1352 3389 1581 3464 Daniel
1629 3399 1807 3472 videt
1853 3401 2026 3464 hunc
2071 3400 2352 3484 lapidem
2403 3399 2644 3464 abscis-

289 3522 439 3568 sum
490 3501 568 3566 de
617 3506 834 3565 monte
884 3505 1023 3565 sine
1055 3503 1354 3566 manibus
1381 3503 1436 3577 ‘¹3
1488 3508 1553 3566 et
1591 3509 1895 3584 montem,
1929 3508 1999 3566 ut
2031 3505 2281 3586 opinor,
2317 3509 2508 3574 vocat
2539 3502 2646 3584 vel

292 3607 678 3668 universam
711 3607 1015 3671 naturam
1049 3604 1402 3675 humanam
1436 3604 1541 3668 vel
1572 3604 1893 3668 familiam
1923 3603 2234 3669 Abrahae
2274 3623 2360 3668 ex
2392 3624 2516 3687 qua
2548 3607 2646 3668 111-

290 3709 612 3770 carnatus
648 3695 828 3768 'Deus
873 3705 1041 3788 lapis
1086 3712 1493 3790 nuncupatus
1539 3711 1656 3788 est,
1706 3709 1813 3790 qui
1853 3705 2092 3770 dicitur
2138 3707 2460 3770 abscissus
2507 3709 2645 3769 sine

286 3805 600 3904 manibus
632 3809 781 3894 quia
813 3809 953 3870 sine
980 3809 1285 3888 coniugio
1318 3811 1663 3891 conceptus
1694 3814 1760 3870 et
1783 3813 1977 3886 natus
2001 3812 2115 3870 est.
2143 3806 2211 3870 Si
2236 3811 2377 3890 quis
2408 3813 2645 3887 autem,

286 3909 465 3971 haec
512 3907 707 3970 aliter
751 3909 1177 4003 interpretari
1223 3907 1467 3989 volenS,
1510 3906 1757 3971 diceret
1787 3915 2071 3979 montem
2120 3907 2471 3992 symbolice
2506 3928 2646 3971 esse

285 4011 585 4096 Patrem,
658 4012 807 4094 quia
869 4009 1292 4098 immutabilis
1353 4015 1451 4073 est
1497 4014 1560 4074 et
1621 4010 1990 4092 immobiliS,
2040 4016 2103 4074 et
2165 4009 2446 4094 lapidem
2507 4013 2646 4074 sine

286 4111 600 4175 manibus
640 4109 994 4174 abscissum
1028 4131 1169 4188 esse
1201 4109 1641 4194 Unigenitum,
1675 4094 1783 4195 qui
1822 4114 1960 4176 sine
1994 4115 2272 4180 materia
2305 4118 2368 4176 et
2400 4112 2648 4178 auxilio

287 4199 675 4277 eitrinseco
724 4232 809 4276 ex
856 4232 934 4276 eo
981 4217 1173 4276 natus
1220 4218 1335 4294 est,
1386 4212 1464 4276 de
1512 4199 1636 4277 hoc
1683 4213 2079 4296 querendum
2127 4234 2259 4278 non
2306 4219 2494 4278 esset.

385 4307 530 4378 Hac
575 4315 655 4379 de
706 4335 777 4378 re
841 4315 1187 4398 Apostolus
1248 4318 1446 4396 etiam
1508 4315 1675 4379 dixit
1703 4315 1760 4382 5:
1829 4336 1865 4379 ‹<
1899 4299 2414 4385 Fundamentum
2471 4316 2651 4380 aliud

389 4459 402 4486 ¹
436 4457 524 4518 ls„
561 4470 771 4522 xxvm,
814 4457 896 4510 16.
934 4487 1004 4496 —
1042 4455 1063 4486 ²
1108 4459 1201 4510 Ps.
1242 4470 1423 4518 cxvn.
1458 4459 1546 4510 22.
1596 4488 1650 4496 -
1705 4456 1725 4486 ³
1758 4460 1900 4518 Act„
1946 4471 2026 4519 Ν,
2068 4458 2150 4510 11.
2189 4487 2254 4496 --
2293 4457 2316 4488 ⁴
2360 4458 2441 4512 Cf.
2491 4459 2652 4519 DAN..

282 4557 350 4609 11,
392 4541 483 4596 34.
540 4573 581 4580 -
626 4540 880 4603 ⁶100r„
915 4555 995 4605 111,
1041 4543 1120 4610 11.
