3400 5642
519 1908 577 1967 p.
613 1895 733 1950 170.

1735 517 1847 602 ψ(
1899 513 2030 580 128
2075 523 2188 600 »ν

788 663 939 722 sunt
960 659 1231 722 semitae
1272 660 1343 722 in
1374 658 1861 724 aberrationem
1891 657 2244 724 haeresum
2273 659 2604 742 ducentes,
2637 661 2788 744 quia
2820 659 3138 725 baeretici

789 760 923 824 alia
966 758 1273 844 legerunt
1316 765 1383 825 et
1428 759 1563 824 alia
1608 763 2025 846 interpretati
2079 767 2246 826 sunt.
2295 761 2575 835 Quidam
2621 781 2709 826 ex
2755 763 2852 826 eis
2897 764 3140 846 scripta

789 861 1089 928 delerunt
1132 867 1199 926 et
1236 861 1369 926 alia
1400 866 1908 946 consignat-unm
1955 863 2216 948 quidam
2251 870 2470 929 autem
2501 863 2882 928 lacerarunt
2911 869 2977 928 et
3006 883 3138 929 non

786 968 1219 1050 scripserunt;
1283 964 1543 1050 quidam
1605 985 1766 1031 vero
1813 986 1894 1030 ea
1947 967 2144 1032 aliter
2204 969 2624 1052 interpretati
2683 972 2850 1030 sunt.
2915 967 3020 1049 Et,
3069 975 3140 1030 ut

788 1070 1038 1152 opinor,
1086 1067 1305 1154 plures
1334 1074 1485 1132 sunt
1515 1067 1854 1134 doctrinae
1885 1089 1974 1134 ex
2004 1069 2242 1134 alienis
2271 1069 2922 1154 interpretationibus
2951 1075 3138 1134 ortae

788 1190 981 1254 quam
1024 1170 1365 1236 doctrinae
1410 1174 1720 1236 inventae
1768 1171 1854 1236 ab
1897 1175 1996 1236 eis
2039 1175 2150 1256 qui
2179 1175 2525 1236 scientiam
2569 1173 2926 1237 verborum
2971 1172 3142 1236 divi-

786 1292 1021 1336 norum
1066 1279 1501 1358 corruperunt
1561 1278 1629 1338 et
1672 1273 1992 1338 delenmt.
2057 1274 2244 1339 Nunc
2289 1277 2468 1338 enim
2527 1273 2922 1356 haereticus,
2987 1278 3140 1360 quia

786 1373 1041 1438 alienas
1086 1375 1661 1458 interpretationes
1705 1377 1792 1438 iis
1837 1395 2000 1459 quae
2056 1375 2218 1459 legit
2263 1377 2558 1459 imponit,
2607 1374 2889 1439 ostendit
2935 1395 3028 1458 se,
3085 1379 3140 1438 si

787 1477 1119 1559 potuisset,
1166 1477 1365 1538 etiam
1411 1475 1617 1540 verba
1649 1478 1908 1560 penitus
1936 1476 2258 1540 delevisse
2289 1482 2376 1558 et,
2407 1475 2552 1540 loco
2583 1495 2832 1556 eorum,
2859 1495 2940 1540 ea
2971 1495 3138 1560 quae

786 1579 911 1660 ipsi
957 1575 1215 1660 placent
1246 1576 1655 1661 subrogasse.
1696 1577 1928 1642 Nonne
1959 1584 2138 1662 patet
2167 1597 2318 1642 eum
2349 1581 2458 1661 qui
2489 1597 2608 1662 pro
2638 1577 2802 1642 illis:
2857 1599 2892 1640 4(
2925 1578 3142 1643 factus

788 1684 885 1742 est
932 1697 1089 1742 caro
1122 1699 1182 1759 »‚
1230 1678 1427 1744 haec:
1485 1701 1519 1742 4(
1553 1699 1822 1744 carnem
1853 1683 2200 1764 assumpsit
2231 1701 2269 1744 >
2318 1679 2668 1762 intellexit,
2693 1685 2760 1744 et
2801 1699 2924 1764 pro
2969 1680 3136 1744 illis:

791 1800 828 1843 4(
860 1778 1187 1844 habitavit
1228 1783 1299 1844 in
1344 1779 1533 1844 nobis
1564 1801 1625 1862 »,
1674 1784 1833 1846 ista:
1886 1801 1923 1844 4(
1973 1781 2300 1846 habitavit
2345 1785 2416 1845 in
2461 1801 2542 1846 eo
2583 1802 2642 1864 »,
2690 1786 2758 1845 et
2803 1801 2923 1866 pro
2971 1781 3136 1846 illis:

791 1904 826 1945 4(
860 1882 1195 1946 nobiscum
1220 1882 1391 1946 Deus
1423 1903 1481 1965 »,
1516 1882 1714 1948 baec:
1753 1905 1790 1948 4(
1817 1885 1989 1948 Deus
2019 1905 2166 1950 cum
2199 1905 2278 1949 eo
2304 1906 2364 1967 »‚
2412 1881 2649 1949 *etiam
2678 1884 2904 1967 verba,
2939 1887 2996 1948 si
3027 1905 3142 1969 po-

786 1986 1033 2066 tuisset,
1082 1990 1385 2067 mutasse,
1433 1991 1501 2050 et
1542 1985 1687 2050 loco
1735 2005 1962 2051 eorum
2009 2005 2128 2050 sua
2159 1985 2594 2051 deliramenta
2641 1985 3138 2051 introduxisse?

3199 1595 3254 1640 lo

874 2086 1216 2151 Invenitur
1260 2089 1459 2151 etiam
1504 2087 1866 2162 NestoriuS‚
1913 2108 1954 2152 a
1999 2108 2126 2172 quo
2171 2088 2338 2153 haec
2384 2087 2684 2153 doctrina
2731 2088 2990 2173 quidem
3020 2108 3141 2153 no·
3197 2105 3254 2148 15
3373 2121 3375 2180 ς

786 2208 938 2254 men
984 2191 1273 2273 sumpsit,
1320 2191 1391 2253 in
1436 2208 1567 2254 uno
1614 2211 1699 2254 ex
1731 2190 2120 2256 tractatibus
2151 2210 2192 2254 a
2239 2210 2310 2254 se
2351 2193 2744 2275 compositiS,
2791 2190 3145 2256 lectionem

786 2294 1117 2376 propriam
1148 2293 1515 2356 sententiae
1545 2297 1848 2357 mutasse.
1913 2292 2046 2356 Pro
2091 2291 2256 2356 illis:
2309 2313 2346 2356 4(
2379 2291 2672 2356 Verbum
2703 2312 2862 2358 caro
2893 2291 3143 2356 factum

786 2399 883 2457 est
930 2399 995 2456 et
1040 2392 1365 2457 habitavit
1412 2396 1482 2456 in
1526 2394 1718 2458 nobis
1750 2416 1810 2476 »,
1875 2394 2096 2460 docuit
2141 2393 2492 2478 discipulos
2537 2414 2688 2459 suos
2734 2397 2830 2459 sic
2873 2393 3139 2478 legere:

790 2517 825 2557 4(
858 2493 1033 2559 Caro
1063 2494 1239 2559 facta
1271 2500 1369 2559 est
1392 2500 1459 2558 et
1487 2494 1780 2559 Verbum
1805 2495 2132 2561 habitavit
2155 2499 2228 2560 in
2251 2515 2330 2560 ea
2357 2517 2415 2559 ».
2465 2495 2643 2580 Lege
2680 2518 2716 2559 4(
2744 2496 3041 2561 Verbum
3065 2517 3139 2573 »3

786 2604 851 2662 et
897 2618 1063 2682 pone
1111 2603 1445 2682 punctum3
1496 2597 1694 2662 adde:
1749 2619 1786 2662 4(
1820 2618 1978 2663 caro
2023 2597 2200 2664 facta
2246 2605 2438 2681 est»,
2489 2602 2580 2663 ita
2627 2605 2700 2663 ut
2743 2619 2974 2663 sensus
3021 2603 3139 2663 sit:
3197 2615 3258 2659 20·
3374 2579 3375 2652 ξ

788 2721 824 2763 4(
858 2699 1033 2765 Caro
1078 2700 1255 2765 facta
1300 2706 1398 2764 est
1446 2707 1511 2764 et
1571 2700 1864 2764 Verbum
1911 2701 2238 2766 habitavit
2299 2704 2368 2766 in
2417 2721 2498 2766 ea
2530 2722 2589 2764 ».
2647 2701 2814 2766 Ecce
2860 2720 3047 2784 vere,
3103 2722 3144 2767 o

785 2803 1139 2885 haeretice,
1186 2801 1517 2866 Iohannes
1560 2821 1693 2866 non
1740 2801 1909 2865 dixit
1939 2821 2210 2867 carnem
2255 2801 2501 2867 factam
2547 2823 2710 2884 esse,
2759 2803 2933 2867 hanc
2963 2806 3146 2868 enim

786 2905 1033 2970 sciebat
1064 2904 1143 2968 de
1174 2924 1357 2968 more
1388 2903 1555 2987 fieri,
1588 2904 1704 2968 sed
1738 2925 1774 2968 4(
1801 2905 2092 2969 Verbum
2123 2924 2390 2970 carnem
2431 2904 2676 2970 factum
2707 2925 2850 2968 esse
2877 2927 2936 2986 »‚
2973 2905 3147 2988 quod

786 3011 884 3070 est
930 3005 1175 3089 aliquid
1221 3007 1380 3070 novi
1425 3010 1489 3068 et
1538 3024 1645 3069 res
1690 3006 2228 3091 supernaturalis,
2278 3005 2452 3070 Caro
2485 3005 2738 3090 quidem
2781 3026 3044 3090 semper
3073 3005 3148 3070 fit

786 3107 1139 3174 secundum
1162 3108 1379 3192 legem
1403 3129 1443 3172 a
1459 3107 1776 3173 Creatore
1799 3112 1870 3172 in
1888 3112 2208 3194 principio
2227 3114 2556 3192 statutam,
2583 3114 2668 3191 et,
2687 3129 2833 3174 cum
2850 3112 3145 3173 animam
3200 3125 3260 3170 2⁷>

784 3213 1035 3296 recipit,
1086 3210 1453 3294 appellatur
1498 3209 1712 3276 homo.
1748 3210 1934 3276 Nunc
1963 3230 2126 3274 vero
2156 3229 2291 3275 non
2323 3213 2418 3274 ita
2449 3210 2686 3276 accidit
2719 3213 2789 3274 in
2819 3210 3144 3294 Virgine;

785 3313 899 3378 sed
944 3319 1248 3378 recenter
1293 3312 1585 3378 Verbum
1646 3333 1804 3377 caro
1857 3311 2102 3377 factum
2149 3319 2266 3396 est,
2331 3313 2398 3377 id
2441 3318 2560 3394 est,
2611 3312 2898 3399 perfecte
2946 3313 3149 3376 inhu-

788 3421 1123 3480 manatum
1154 3420 1269 3480 est.
1297 3414 1465 3487 Quia
1496 3415 1663 3478 haec
1694 3435 1803 3480 res
1835 3414 2270 3480 admiratione
2302 3415 2495 3499 plena
2524 3420 2626 3479 est
2657 3421 2724 3479 et
2753 3417 3150 3498 mysterium

788 3520 920 3583 Deo
968 3518 1105 3582 solo
1152 3517 1442 3601 dignum,
1475 3517 1904 3600 Evangelista
1935 3537 2082 3581 eam
2127 3522 2200 3580 ut
2231 3516 2473 3601 aliquid
2521 3520 2680 3581 novi
2727 3519 3004 3580 miratus
3045 3523 3149 3581 est

788 3628 855 3685 et
899 3623 1111 3706 posuit
1156 3619 1481 3703 dixitque:
1536 3640 1572 3681 4(
1604 3618 1898 3683 Verbum
1929 3638 2088 3684 caro
2117 3617 2362 3684 factum
2401 3624 2500 3683 est
2533 3640 2590 3682 ».
2639 3618 2931 3683 Verbum
2964 3622 3150 3682 enim
3203 3635 3262 3680 ao

790 3722 1166 3804 exsistebat,
1215 3728 1281 3786 et
1324 3721 1569 3786 factum
1616 3727 1716 3785 est
1760 3720 1828 3784 id
1875 3720 2042 3806 quod
2087 3741 2220 3786 non
2265 3727 2430 3804 erat,
2485 3721 2554 3785 id
2591 3726 2708 3803 est,
2742 3739 2918 3803 car0,
2953 3725 3150 3804 quasi

791 3824 1039 3890 diceret
1088 3846 1125 3888 4(
1158 3825 1354 3888 homo
1387 3846 1445 3889 ».
1511 3824 1689 3888 Haec
1737 3823 2138 3888 concordant
2185 3844 2332 3888 cum
2391 3827 2488 3888 eis
2533 3843 2698 3908 quae
2749 3825 2938 3887 initio
2983 3821 3152 3887 libri

792 3930 893 3990 sui
917 3930 1146 4011 posuit.
1182 3927 1307 3990 Ubi
1338 3929 1514 3990 enim
1536 3925 1745 3990 voluit
1769 3925 2113 3990 ostendere
2146 3925 2438 3989 Verbum
2461 3945 2602 3990 esse
2635 3925 2856 4007 Deum,
2881 3927 3153 4008 scripsit

791 4028 956 4092 haec
987 4029 1193 4092 verba
1223 4027 1276 4091 ¹:
1325 4049 1361 4090 4(
1392 4027 1470 4091 In
1502 4031 1822 4112 principio
1855 4032 2000 4092 erat
2030 4027 2342 4110 Verbum,
2377 4033 2441 4090 et
2470 4027 2762 4092 Verbum
2793 4030 2940 4090 erat
2969 4027 3154 4110 apud

792 4131 1014 4206 Deum,
1042 4135 1107 4194 et
1131 4131 1302 4194 Deus
1332 4136 1478 4195 erat
1509 4130 1818 4194 Verbum.
1854 4130 1992 4194 Hoc
2023 4136 2169 4194 erat
2197 4133 2268 4193 in
2293 4131 2614 4215 principio
2645 4127 2815 4214 apud
2847 4128 3057 4191 Deum
3085 4151 3147 4194 >.
3205 4145 3264 4190 35

792 4234 914 4298 Hic
959 4252 1140 4316 vem,
1188 4238 1559 4298 nostrorum
1592 4252 1861 4315 memor,
1895 4232 2172 4296 salutem
2204 4237 2268 4296 et
2298 4235 2504 4296 vitam
2535 4230 2874 4296 ostendere
2912 4231 3155 4296 volens

792 4335 991 4400 dixit:
1062 4354 1099 4399 4(
1130 4335 1423 4400 Verbum
1486 4354 1643 4400 caro
1690 4333 1936 4399 factum
1981 4339 2170 4398 est».
2237 4335 2374 4399 Hoc
2420 4337 2594 4398 enim
2649 4342 2742 4397 est
2809 4333 2978 4417 quod
3023 4353 3155 4398 nos

886 4558 902 4586 ¹
930 4556 1202 4618 IOHANN„
1238 4569 1278 4618 1,
1320 4557 1428 4609 1-2.
