3400 5642
196 1625 247 1679 10

1280 544 1391 625 05(
1438 541 1519 608 51
1570 543 1683 626 »tv

308 681 501 765 idque
547 701 671 747 nec
714 703 899 748 mens
945 703 1181 768 capere
1213 703 1336 748 nec
1366 683 1738 748 intellectus
1783 685 2238 766 cuiuscumque
2286 685 2496 748 creati
2517 682 2651 748 ullo

303 783 495 848 modo
540 786 797 868 assequi
840 789 1069 869 potest.
1120 785 1523 870 Impossibile
1571 788 1747 850 enim
1772 790 1920 850 erat
1941 785 2288 867 Virginem
2319 787 2651 869 parturire

304 887 458 970 quin
505 905 545 949 a
590 888 739 950 viro
784 892 1313 970 cognosceretur,
1360 889 1419 952 si
1464 885 1723 970 quidem
1769 885 2042 952 evidens
2086 891 2186 952 est
2231 905 2490 950 omnem
2513 884 2653 952 fru-

303 993 477 1055 ctum
526 1007 613 1052 ex
659 988 896 1052 arbore
941 987 1369 1054 humanitatis
1394 994 1792 1073 assumptum
1815 991 1991 1054 coitu
2014 990 2270 1073 concipi
2300 993 2366 1052 et
2400 988 2654 1053 ostendi

302 1087 537 1152 solere.
600 1087 1010 1173 Quapropter
1069 1090 1241 1154 Deus
1300 1091 1457 1174 ipse,
1519 1109 1667 1159 cum
1727 1089 1936 1154 voluit
1979 1086 2086 1153 *se
2147 1092 2218 1152 in
2280 1088 2520 1156 mundo
2580 1094 2652 1154 ut

300 1188 589 1254 fructum
632 1189 990 1256 humanum
1035 1190 1481 1274 manifestare,
1514 1193 1970 1277 incorporatus
1993 1193 2204 1255 exivit
2233 1211 2268 1255 e
2300 1190 2444 1256 1000
2476 1190 2648 1256 unde

298 1291 603 1356 homines
646 1295 831 1357 nasci
874 1293 1107 1364 solent.
1156 1293 1239 1358 Et
1284 1313 1432 1358 cum
1478 1296 1549 1358 in
1594 1293 1746 1358 aliis
1790 1296 1998 1358 uteris
2043 1293 2346 1358 voluntas
2377 1295 2518 1358 eius
2549 1294 2649 1356 in-

296 1391 519 1457 fantes
575 1392 833 1478 formet,
881 1398 953 1458 in
1018 1400 1208 1460 utero
1254 1396 1557 1479 Virginis
1607 1397 1747 1479 ipse
1808 1394 2242 1480 personaliter
2302 1399 2650 1479 conceptus

298 1501 399 1560 est
446 1501 511 1559 et
555 1501 751 1560 natus
796 1503 895 1562 est
941 1497 1155 1563 homo.
1204 1497 1412 1562 Homo
1444 1501 1543 1562 est
1574 1500 1727 1581 quia
1759 1517 1844 1562 ex
1874 1497 2150 1561 muliere
2181 1497 2648 1561 inhumanatus

298 1601 420 1680 est,
468 1602 533 1662 et
579 1597 772 1665 simul
818 1599 989 1663 Deus
1034 1602 1186 1683 quia
1233 1619 1319 1663 ex
1363 1599 1643 1683 Virgine
1690 1603 1884 1663 natus
1931 1605 2048 1682 est,
2082 1603 2147 1664 et
2179 1603 2526 1683 conceptus
2549 1603 2648 1662 est

296 1703 369 1764 in
416 1705 606 1765 utero
652 1704 804 1784 quia
850 1721 1119 1767 carnem
1166 1705 1529 1786 assumpsit.
1579 1700 1754 1766 Caro
1801 1707 2020 1766 autem
2066 1703 2208 1765 eius
2259 1720 2392 1766 non
2421 1720 2648 1766 nume-

295 1807 453 1866 rata
497 1807 595 1867 est
640 1808 833 1867 extra
880 1823 1049 1886 eum,
1099 1805 1249 1887 quia
1295 1823 1414 1888 per
1457 1805 1982 1869 incarnationem
2029 1822 2214 1872 caro.
2248 1806 2312 1867 ei
2358 1802 2643 1868 advenit.

295 1902 525 1986 Neque
570 1904 653 1969 ob
719 1903 892 1969 hanc
938 1923 1207 1969 causam
1252 1903 1444 1970 debet
1489 1904 1619 1969 dici
1665 1903 1813 1987 due,
1859 1906 2029 1988 quia,
2079 1907 2494 1988 quantumvis
2545 1907 2647 1968 in-

294 2004 529 2069 tendat
574 2025 758 2070 mens
802 2011 875 2069 ut
920 2009 990 2070 in
1035 2007 1315 2090 Virgine
1362 2026 1630 2071 carnem
1676 2009 1819 2070 sine
1866 2006 2088 2070 Verbo
2112 2005 2338 2070 videre
2373 2013 2646 2091 quaerat

214 2139 242 2182 5
294 2111 415 2172 aut
461 2127 729 2180 carnem
774 2127 907 2172 non
954 2127 1097 2174 esse
1143 2108 1369 2192 Verbi,
1395 2108 1521 2173 hoc
1565 2127 1699 2173 non
1722 2113 1950 2192 potest.
1977 2108 2256 2190 Etenim,
2291 2128 2374 2172 ne
2404 2129 2648 2193 parvus

294 2209 559 2296 quidem
602 2212 773 2275 ictus
817 2210 988 2275 oculi
1032 2231 1157 2276 nec
1202 2214 1542 2276 minimum
1585 2214 1899 2296 temporis
1960 2217 2355 2276 momentum
2418 2210 2646 2295 depre-

295 2310 615 2376 henditur
673 2315 850 2377 inter
910 2313 1475 2378 obumbrationem
1520 2318 1586 2378 et
1631 2319 2033 2398 conceptum,
2081 2318 2148 2378 et
2193 2317 2368 2378 inter
2413 2315 2644 2378 exina-

292 2414 617 2476 nitionem
658 2418 727 2476 et
778 2433 814 2476 «
846 2411 993 2478 fieri
1027 2434 1085 2478 ».
1133 2412 1301 2478 Nam
1348 2417 1569 2478 statim
1616 2434 1693 2479 30
1739 2413 1969 2478 Virtus
1991 2414 2311 2480 Altissimi
2342 2434 2472 2479 una
2497 2434 2646 2480 cum

294 2519 547 2604 Spiritu
592 2526 821 2585 sancto
868 2521 953 2585 ad
998 2521 1346 2605 Virginem
1392 2520 1744 2604 descendit,
1788 2526 1856 2585 ut
1902 2523 2214 2605 scriptum
2243 2526 2362 2604 est,
2395 2522 2508 2587 ille
2540 2541 2645 2588 ce-

293 2621 563 2686 leritate
606 2622 1253 2706 incomprehensibili
1297 2625 1754 2707 incorporatus
1813 2628 1929 2687 est.
1987 2621 2266 2706 Spiritus
2324 2624 2643 2689 miraculo

290 2721 616 2788 ineffabili
658 2743 807 2788 eum
854 2744 1127 2808 corpore
1173 2724 1403 2807 induit,
1454 2730 1518 2789 et
1563 2725 1856 2789 Verbum
1916 2731 2296 2812 conceptum
2349 2730 2448 2790 est
2493 2728 2644 2810 quia

290 2828 809 2908 incorporatum.
859 2824 1137 2909 Spiritus
1180 2845 1342 2891 vero
1387 2845 1588 2910 supra
1632 2829 2230 2911 incorporationem
2258 2829 2636 2910 permansit,

294 2929 452 3011 quia
499 2926 695 2992 homo
740 2947 873 2993 non
927 2926 1139 2993 factus
1185 2933 1301 2992 est.

380 3027 566 3093 Haec
610 3029 899 3093 humana
944 3030 1151 3094 Verbi
1195 3032 1511 3094 nativitas
1570 3033 1990 3095 existimatur
2047 3030 2280 3096 similis
2339 3030 2639 3108 divinae;

293 3130 837 3215 quemadmodum
885 3135 1061 3197 enim
1106 3135 1175 3196 in
1221 3132 1347 3197 1130
1392 3132 1595 3197 Pater
1638 3151 1772 3196 non
1816 3137 2025 3216 potest
2071 3134 2310 3218 absque
2343 3133 2515 3198 Filio
2547 3137 2645 3198 vi-

290 3233 459 3316 deri,
508 3252 631 3298 nec
675 3233 881 3298 Filius
926 3236 1068 3298 sine
1114 3235 1333 3316 Patre,
1381 3237 1475 3298 ita
1508 3239 1573 3299 et
1602 3237 1672 3298 in
1725 3239 1914 3298 utero
1945 3235 2236 3302 Verbum
2268 3255 2401 3302 non
2433 3241 2643 3319 potest

288 3335 512 3399 videri
556 3337 697 3399 sine
742 3355 965 3417 carne,
1013 3355 1137 3400 nec
1182 3355 1341 3400 caro
1385 3355 1549 3420 quae
1596 3334 1805 3402 Verbi
1833 3354 1966 3401 non
1998 3338 2098 3399 sit.
2134 3336 2214 3400 Et
2245 3339 2413 3401 sicut
2435 3336 2640 3401 Filius

288 3436 975 3520 incomprehensibilis
1021 3441 1119 3501 est
1164 3436 1376 3520 quoad
1422 3436 1681 3501 modum
1727 3457 1852 3522 quo
1883 3457 1970 3502 ex
1999 3437 2198 3502 Patre
2225 3440 2484 3520 genitus
2517 3444 2635 3521 est,

286 3541 385 3603 ita
432 3542 499 3604 et
545 3537 760 3622 quoad
804 3538 1066 3603 modum
1113 3559 1237 3624 quo
1284 3558 1369 3603 ex
1414 3538 1693 3622 Virgine
1741 3537 1953 3603 factus
1999 3544 2112 3604 est.
2147 3539 2432 3622 Utroque
2466 3541 2642 3603 enim

289 3638 487 3704 modo
532 3637 884 3703 ineffabilis
930 3645 1045 3722 est,
1096 3641 1247 3724 quia
1292 3643 1633 3723 utrumque
1682 3638 1767 3702 ad
1811 3639 2049 3702 Filium
2095 3643 2394 3723 pertinet.
2437 3640 2640 3706 Pater

285 3760 495 3806 unum
540 3740 969 3804 aeternaliter
1016 3743 1261 3824 genuit,
1311 3742 1419 3824 qui
1465 3746 1563 3803 est
1607 3739 1812 3803 Filius
1859 3743 1999 3804 eius
2031 3741 2638 3817 consubstantialis;

284 3841 505 3925 Virgo
551 3840 851 3906 eumdem
896 3844 965 3904 in
1011 3847 1305 3925 tempore
1365 3843 1635 3926 peperit,
1684 3843 1837 3925 quia
1890 3844 2026 3925 ipse
2074 3846 2172 3906 est
2217 3845 2326 3925 qui
2371 3863 2492 3927 per
2536 3846 2638 3907 in-

284 3946 747 4008 carnationem
790 3963 879 4008 ex
924 3963 1006 4008 ea
1050 3948 1245 4007 natus
1299 3947 1415 4010 est.
1481 3943 1557 4006 Ill
1586 3969 1617 4025 ·,
1682 3942 2036 4007 secundum
2097 3964 2284 4008 suum
2336 3964 2373 4009 4(
2406 3965 2549 4010 0550
2578 3967 2636 4028 1»,

284 4048 677 4130 agnoscitur
734 4045 937 4122 Deus;
1004 4045 1355 4110 secundum
1416 4049 1633 4109 autem
1679 4041 1759 4108 ²⁸²«
1791 4042 1938 4109 fieri
1970 4068 2030 4127 »,
2079 4045 2292 4112 1101110.
2359 4047 2442 4111 Et
2488 4050 2638 4131 quia

284 4167 459 4212 unus
504 4153 571 4212 et
617 4146 791 4212 idem
836 4153 953 4230 est,
1002 4147 1319 4232 siquidem
1364 4147 1476 4212 ille
1524 4150 1633 4232 qui
1679 4155 1778 4212 est
1823 4154 1921 4212 est
1965 4148 2074 4212 hic
2122 4151 2231 4232 qui
2260 4147 2472 4213 factus
2519 4146 2636 4232 est,

284 4256 354 4318 et
398 4251 511 4316 hic
557 4253 666 4333 qui
711 4249 925 4315 factus
970 4257 1069 4315 est
1136 4250 1247 4315 ille
1296 4253 1402 4335 qui
1449 4257 1565 4332 est,
1616 4253 1816 4316 etiam
1861 4270 2028 4314 unus
2074 4256 2139 4315 et
2200 4251 2372 4316 idem
2435 4271 2642 4335 agno·-

287 4355 501 4418 scitur
542 4351 757 4436 quoad
800 4357 1164 4436 utrumque.
1214 4353 1473 4418 Etenim
1532 4372 1666 4417 non
1727 4357 1826 4416 est
1885 4355 2268 4416 incarnatus
2313 4355 2383 4416 in
2437 4372 2638 4418 carne

282 4473 454 4542 quae
496 4453 702 4518 fuerit
748 4454 1055 4532 alterius;
1104 4454 1219 4518 sed
1263 4454 1441 4518 illius
1486 4457 1595 4539 qui
1640 4456 2022 4518 incarnatus
2067 4459 2165 4518 est
2221 4475 2307 4520 ex
2351 4454 2632 4537 Virgine

280 4575 447 4622 caro
492 4559 611 4620 est.
660 4555 829 4620 Nam
871 4576 1007 4621 non
1051 4559 1307 4620 invenit
1352 4575 1619 4620 carnem
1665 4555 2018 4620 formatam
2064 4562 2128 4620 et
2160 4557 2522 4640 depositam
2567 4559 2639 4620 in

2707 1115 2765 1170 p.
2797 1099 2890 1156 61.

2700 4068 2756 4124 p.
2787 4054 2878 4109 62.

3361 0 3381 78 A}
