3400 5642
1682 529 2129 628 «κυημ-

735 676 919 757 quasi
966 676 1389 741 mutationem
1436 672 1798 739 intellexit?
1846 671 1915 738 Si
1960 671 2092 754 ille,
2141 674 2249 755 qui
2295 677 2472 738 recte
2518 691 2652 736 non
2683 671 2893 737 credit
2937 692 3092 736 eum

736 775 979 840 factum
1020 795 1181 858 esse,
1216 775 1390 840 dicat
1426 795 1461 838 «
1494 774 1642 840 fieri
1673 797 1710 837 >
1748 774 1918 858 apud
1951 774 2282 840 hominem
2313 776 2739 841 mutationem
2770 773 3090 855 indicare,

736 880 900 940 sciat
950 897 987 942 «
1019 875 1167 942 fieri
1198 900 1234 940 >
1286 877 1459 962 apud
1506 878 1711 942 Deum
1754 879 1850 942 ita
1895 896 2029 942 non
2075 896 2238 956 esse,
2295 875 2410 940 sed
2471 875 2642 960 apud
2702 895 2850 940 eum
2898 875 3092 940 modo

735 978 1059 1062 singulari
1105 978 1650 1044 considerandum
1690 998 1851 1043 esse.
1886 978 1969 1042 Et
1999 981 2166 1042 sicut
2198 979 2367 1042 Deus
2397 977 2765 1072 possidebat
2801 997 2838 1041 ‹
2871 997 3014 1042 esse
3047 999 3086 1042 »

735 1101 881 1144 cum
927 1101 1059 1146 non
1106 1081 1319 1148 factus
1364 1086 1553 1162 esset,
1602 1084 1694 1144 ita
1744 1088 1809 1145 et
1838 1080 2148 1146 debemus
2177 1079 2448 1145 credere
2481 1099 2630 1144 eum
2661 1079 2906 1144 factum
2945 1100 3090 1144 esse

736 1181 976 1268 absque
1024 1185 1399 1248 mutatione.
1436 1182 1569 1248 Res
1613 1202 1773 1246 vere
1822 1181 2143 1246 mirabilis
2189 1187 2287 1246 est
2319 1186 2383 1245 et
2414 1179 2764 1252 ineffabilis
2798 1202 2835 1246 ‹
2867 1180 3015 1247 fieri
3047 1203 3084 1244 »

735 1285 887 1360 Dei;
938 1290 1003 1349 et
1050 1285 1203 1350 licet
1248 1305 1379 1349 non
1429 1284 1782 1350 debeamus
1827 1287 2124 1368 cogitare
2173 1283 2418 1368 aliquid
2465 1287 2678 1349 maius
2724 1290 2836 1348 aut
2877 1287 3094 1348 minus

736 1391 803 1451 in
852 1387 985 1453 Deo
1032 1408 1193 1470 esse,
1228 1391 1369 1451 eius
1404 1373 1621 1452 (fieri
1653 1409 1688 1450 »
1741 1394 1957 1452 tamen
2007 1390 2218 1452 maius
2265 1407 2458 1471 quam
2494 1408 2529 1448 «
2565 1407 2706 1452 6556
2742 1409 2777 1450 »
2821 1391 2962 1470 eius
2992 1389 3090 1450 in-

736 1494 1092 1574 vestiganti
1138 1495 1426 1575 apparet.
1478 1490 1760 1575 Etenim,
1795 1509 1882 1554 ex
1929 1492 2071 1553 eius
2121 1510 2158 1552 «
2191 1509 2333 1554 6556
2367 1510 2402 1553 »
2456 1488 2798 1553 didicimus
2849 1489 3092 1554 solum-

735 1591 926 1657 modo
974 1612 1121 1657 eum
1168 1595 1529 1658 increatum
1580 1611 1756 1667 esse;
1807 1611 1895 1655 ex
1940 1595 2084 1657 eius
2134 1611 2171 1655 (
2204 1590 2350 1656 fieri
2382 1614 2442 1673 ιι,
2491 1611 2672 1673 ver0,
2735 1591 2940 1656 multa
2992 1591 3092 1654 di-

735 1715 919 1758 scere
959 1714 1326 1780 possumus:
1378 1696 1608 1786 prime,
1645 1697 2098 1758 exsistentiam
2131 1696 2290 1775 eiuS,
2325 1697 2476 1777 quia
2507 1713 2595 1758 ex
2626 1697 2766 1758 eius
2801 1714 2837 1756 ‹<
2869 1691 3017 1756 fieri
3049 1715 3084 1756 »

666 1848 679 1860 .
735 1795 1078 1862 didicimus
1110 1817 1256 1861 eum
1304 1799 1647 1878 exsistere,
1697 1815 1852 1860 nam
1899 1793 2103 1860 dixit*
2149 1796 2575 1880 Evangelista
2633 1816 2669 1858 ‹<
2701 1796 2991 1860 Verbum
3027 1818 3086 1878 »,

735 1903 798 1962 et
846 1898 1079 1963 deinde
1143 1897 1390 1963 addidit
1449 1918 1484 1961 «
1518 1917 1675 1963 caro
1738 1896 1984 1962 factum
2046 1904 2145 1962 est
2180 1919 2252 1973 »;
2317 1918 2600 1980 rursum,
2663 1901 3092 1982 cognovimus

733 2021 880 2064 eum
930 2000 1399 2065 immutabilem
1448 2020 1609 2083 esse,
1636 2004 1808 2084 quia,
1857 2007 2193 2084 postquam
2239 2000 2450 2065 factus
2495 1986 2612 2082 est,
2660 2000 3090 2084 Evangelista

734 2101 901 2166 dixit
948 2123 1094 2167 eum
1144 2105 1213 2166 in
1258 2103 1448 2167 nobis
1492 2108 1564 2166 ut
1596 2103 1799 2166 Deum
1831 2103 2270 2179 habitavisse;
2323 2123 2602 2183 rursum,
2633 2103 3091 2187 coynovimus

734 2226 881 2270 eum
929 2226 1070 2270 esse
1118 2206 1417 2287 liberum,
1467 2209 1637 2289 quia,
1689 2206 2076 2291 ubicumque
2123 2227 2266 2271 esse
2313 2206 2472 2289 vult,
2535 2209 2871 2273 invenitur
2922 2209 3091 2273 sicut

731 2309 904 2384 vult;
956 2316 1020 2374 et
1068 2315 1433 2392 praeterea,
1484 2329 1631 2374 eum
1689 2329 1832 2374 esse
1894 2308 2152 2391 fortem,
2214 2329 2347 2374 non
2409 2309 2618 2374 solum
2670 2312 2740 2372 in
2785 2310 3090 2393 operibus

733 2415 867 2475 suis
913 2412 1026 2476 sed
1074 2415 1271 2476 etiam
1327 2415 1396 2474 in
1460 2417 1666 2476 semet
1727 2416 1886 2497 ipSO,
1952 2414 2101 2496 quia
2162 2412 2322 2476 illud
2387 2433 2423 2475 ‹<
2456 2412 2613 2478 fecit
2673 2418 3014 2476 creaturas
3047 2432 3082 2475 >

732 2534 864 2580 non
912 2520 1009 2578 est
1055 2519 1191 2580 tam
1239 2513 1561 2604 mirabile,
1611 2517 1674 2578 ei
1721 2518 1829 2598 qui
1874 2517 2279 2598 investigare
2311 2517 2452 2598 scit,
2486 2535 2676 2598 quam
2709 2515 2864 2578 hoc:
2920 2535 2956 2577 ‹<
2989 2513 3087 2578 fa-

732 2621 875 2680 ctus
922 2621 1020 2679 est
1064 2635 1197 2679 una
1243 2635 1327 2678 ex
1391 2619 1716 2680 creaturis
1777 2620 1910 2680 suis
1943 2639 2000 2680 ».
2065 2617 2370 2699 Rursum,
2434 2637 2583 2704 eum
2643 2637 2786 2680 esse
2846 2616 3089 2680 bonum

735 2717 968 2782 melius
1014 2720 1462 2800 cognovimuS,
1491 2720 1641 2800 quia
1688 2717 1949 2783 bonitas
1995 2722 2136 2782 eius
2167 2738 2297 2783 non
2331 2721 2631 2803 apparuit
2662 2721 2731 2782 in
2763 2717 2886 2783 hoc
2917 2716 3088 2800 quod

732 2823 869 2904 ipse
916 2839 1037 2884 nos
1082 2820 1256 2901 fecit,
1308 2822 1473 2886 sicut
1505 2824 1808 2906 apparuit
1840 2824 1908 2885 in
1941 2821 2064 2885 hoc
2097 2822 2264 2906 quod
2298 2825 2454 2906 ipse,
2490 2842 2613 2906 quo
2646 2824 2859 2904 magis
2889 2820 3092 2884 bene-

732 2922 1001 3004 faceret,
1064 2921 1277 2989 factus
1338 2931 1435 2988 est
1498 2927 1663 2989 sicut
1725 2943 1877 2999 nos;
1936 2927 2112 3006 item,
2178 2944 2326 2988 eum
2387 2923 2580 2990 valde
2643 2923 2920 3007 diligere
2969 2921 3088 2986 ho-

735 3028 961 3107 mineS,
990 3029 1138 3110 quia
1185 3030 1439 3091 tantum
1487 3046 1600 3093 eos
1648 3026 1883 3092 dilexit
1927 3033 1999 3091 ut
2043 3030 2180 3110 ipse
2227 3027 2438 3094 factus
2491 3029 2576 3104 sit
2634 3026 2815 3112 sicut
2876 3023 2972 3088 illi
3021 3027 3090 3086 et

734 3132 833 3195 illi
876 3134 1060 3199 sicut
1102 3137 1270 3218 ipse:
1323 3155 1486 3218 quae
1533 3137 1836 3199 timorem
1885 3140 2149 3200 movent
2195 3137 2252 3198 si
2297 3133 2487 3197 modo
2533 3135 2923 3216 cogitantur.

823 3235 1002 3300 Haec
1049 3237 1305 3322 aliaque
1352 3241 1782 3322 cognovimus
1828 3257 1914 3302 ex
1959 3257 2037 3301 eo
2086 3236 2254 3320 quod
2295 3237 2464 3300 Deus
2495 3236 2688 3300 homo
2721 3234 2932 3298 factus
2965 3239 3084 3296 est.

732 3337 869 3401 Cur
915 3337 1393 3422 denegaremus
1440 3339 1916 3405 confessionem
1963 3359 2128 3423 quae
2159 3339 2326 3404 tales
2356 3338 2688 3404 doctrinas
2719 3337 2908 3408 nobis
2937 3355 3088 3419 pro-

736 3443 934 3523 ponit,
984 3446 1048 3504 et
1102 3441 1366 3526 fontem,
1418 3445 1526 3526 qui
1586 3442 1709 3507 has
1771 3462 1974 3526 aquas
2032 3444 2223 3504 vivas
2282 3440 2471 3506 nobis
2537 3444 2859 3506 scaturire
2907 3438 3082 3520 fecit,

735 3542 1263 3607 obstrueremuSZ
1311 3544 1534 3628 Itaque
1582 3563 1668 3608 ex
1717 3546 2126 3628 experientia
2176 3548 2448 3628 apparet
2494 3543 2636 3626 plus
2665 3542 2967 3606 utilitatis
2999 3561 3086 3607 ex

740 3665 775 3708 «
808 3643 955 3709 fieri
986 3668 1022 3708 >
1074 3647 1191 3712 Dei
1238 3666 1429 3730 quam
1477 3667 1563 3713 ex
1608 3651 1750 3712 eius
1802 3667 1838 3709 ‹<
1871 3666 2012 3710 esse
2046 3667 2082 3709 »
2141 3645 2330 3713 nobis
2391 3645 2755 3726 advenisse,
2819 3650 2884 3708 et
2943 3647 3087 3711 eius

740 3769 775 3809 «
810 3768 949 3824 6556
984 3770 1019 3811 »
1070 3751 1269 3813 etiam
1317 3768 1436 3833 per
1482 3751 1623 3814 eius
1674 3770 1711 3812 ‹<
1745 3746 1891 3812 fieri
1924 3769 1959 3812 >
2014 3748 2378 3812 revelatum
2423 3767 2600 3823 esse;
2649 3767 2821 3822 nam,
2879 3746 3086 3814 donec

736 3847 925 3914 fieret
970 3871 1145 3932 cam,
1192 3870 1325 3916 non
1372 3851 1927 3934 cognoscebamus
1972 3870 2120 3920 eum
2175 3853 2493 3915 exsistere
2539 3855 2606 3914 et
2653 3850 2898 3914 habere
2959 3849 3087 3912 Pa-

734 3956 904 4015 trem
950 3953 1170 4016 Deum.
1221 3952 1290 4017 Si
1336 3955 1477 4038 quis
1523 3957 1663 4018 eius
1715 3973 1752 4018 ‹
1784 3951 1932 4017 fieri
1963 3974 1998 4015 »
2052 3955 2328 4022 reiicere
2376 3953 2679 4034 voluerit,
2713 3951 2904 4016 simul
2936 3971 3084 4014 cum

733 4073 813 4134 eo
861 4057 1003 4118 eius
1054 4075 1089 4118 ‹<
1124 4075 1264 4120 esse
1295 4075 1331 4117 »
1384 4061 1609 4139 aperte
1654 4055 1958 4138 negabit;
2010 4059 2074 4117 et
2120 4057 2176 4118 si
2223 4057 2382 4138 quis,
2417 4054 2918 4137 dispensationis
2948 4055 3085 4131 vir7

733 4160 935 4224 tutem
984 4159 1320 4240 ignoranS,
1385 4157 1589 4222 dicat:
1654 4157 1824 4222 Ecce
1887 4157 2214 4222 Iohannes
2275 4160 2555 4240 primum
2615 4158 2874 4239 scripsit
2935 4174 3084 4222 eum

734 4261 1075 4340 exsistere,
1109 4266 1173 4323 et
1204 4265 1427 4344 postea
1476 4280 1622 4324 eum
1670 4258 1915 4324 factum
1963 4279 2124 4340 esse,
2173 4258 2398 4323 audiat
2445 4279 2485 4322 a
2529 4258 2718 4324 nobis
2764 4256 2930 4344 quod
2977 4258 3087 4320 Io-

734 4360 1005 4428 hannes
1051 4360 1294 4426 dixerit
1340 4382 1506 4436 eum,
1556 4363 1755 4426 etiam
1802 4367 2136 4447 postquam
2169 4360 2382 4424 factus
2410 4366 2526 4442 est,
2561 4363 2898 4424 exsistere.
2933 4358 3088 4422 Ete-

736 4466 890 4544 nim,
940 4468 1081 4547 post
1128 4463 1753 4546 inhumanationem,
1789 4466 2175 4547 passionem,
2240 4464 2790 4527 resurrectionem
2859 4465 2922 4525 et
2971 4460 3083 4524 ad-

734 4567 1140 4628 scensionem
1188 4568 1327 4629 eius
1381 4565 1464 4630 ad
1524 4565 1808 4642 Patrem,
1875 4569 2086 4649 posuit
2145 4565 2294 4629 illa:
2350 4586 2385 4628 ⁴<
2420 4564 2494 4628 In
2558 4566 2876 4648 principio
2939 4569 3085 4627 erat

3159 1604 3214 1647 lo

3155 2117 3213 2160 15
