3400 5642
392 822 445 876 p.
480 807 605 862 267.

1605 455 1718 536 -÷<(
1768 451 1895 516 198
1942 466 2056 532 »z-

659 601 1081 681 augmentum
1129 615 1245 678 per
1290 614 1633 660 numerum
1680 601 2104 660 extraneum:
2152 615 2276 661 nec
2320 599 2389 660 in
2435 617 2516 661 ea
2563 599 2866 680 ingressa
2910 601 3010 660 est

660 720 829 763 nove
862 719 1142 783 persona
1176 717 1338 782 quae
1371 700 1574 781 ipsius
1603 717 1738 762 non
1785 702 1962 774 erat;
1997 717 2151 762 nam
2183 703 2283 762 est
2313 719 2571 784 semper
2609 699 2906 763 absoluta
2945 703 3010 762 et

660 800 971 886 perfecta,
996 820 1117 864 nec
1166 801 1339 884 quid
1384 800 1508 864 sihi
1554 798 1798 863 addere
1844 803 2090 884 patitur
2135 819 2256 864 nec
2289 819 2330 864 a
2375 821 2444 866 se
2492 800 2753 864 detrahi
2795 797 3008 881 *sinit,

662 903 776 966 sed
822 901 1217 968 credendum
1264 907 1362 966 est
1408 921 1556 966 eam
1603 922 1746 966 esse
1795 921 2052 985 semper
2097 901 2164 966 id
2209 902 2378 987 quod
2424 909 2522 968 est
2576 901 3014 967 essentialiter

665 1010 728 1068 et
775 1004 1139 1089 tripliciter.
1189 1004 1273 1067 Et
1312 1006 1476 1068 sicut
1522 1023 1655 1068 non
1686 1003 1840 1068 licet
1871 1002 2090 1068 dicere
2123 1023 2270 1068 eam
2301 1025 2443 1069 esse
2476 1010 2882 1069 creaturam:
2917 1006 3012 1067 ita
3099 1021 3138 1065 5

661 1127 783 1171 nec
830 1125 987 1172 eam
1034 1109 1331 1190 recipere
1378 1106 1463 1170 ab
1509 1110 1704 1170 extra
1737 1105 2020 1189 aliquam
2053 1111 2509 1171 creaturarum
2542 1126 2706 1191 quae
2754 1125 2898 1170 cum
2931 1125 3011 1170 ea

662 1211 746 1272 sit
796 1213 908 1272 aut
953 1212 1353 1271 numeretur.
1390 1207 1462 1272 Si
1492 1212 1712 1272 autem
1745 1207 1996 1272 dicant:
2047 1207 2218 1272 Ecce
2249 1228 2406 1273 caro
2445 1211 2508 1272 ei
2539 1213 2861 1272 extranea
2893 1213 3010 1288 est,

664 1309 979 1394 siquidem
1026 1310 1109 1374 ab
1156 1309 1564 1374 humanitate
1628 1309 1962 1393 desumpta
2018 1315 2148 1386 est3
2216 1309 2531 1393 quomodo
2592 1330 2726 1375 non
2787 1312 3012 1374 existi-

664 1413 953 1476 mabitur
992 1413 1308 1477 Trinitas
1339 1415 1663 1496 recepisse
1696 1411 2113 1476 creaturam?
2160 1411 2450 1476 Audiant
2481 1411 2650 1495 quod
2678 1414 3009 1495 ignorant.

664 1518 808 1582 Non
856 1521 1085 1602 agnita
1131 1523 1229 1582 est
1276 1520 1455 1601 prius
1486 1537 1643 1582 caro
1676 1522 1902 1582 creata
1933 1523 1998 1582 et
2038 1517 2271 1584 deinde
2303 1518 2480 1583 facta
2527 1523 2626 1582 est
2671 1519 3012 1600 creatoriS,
3072 1531 3134 1576 10

663 1640 785 1684 nec
832 1619 1213 1703 [secundum
1260 1621 1431 1703 θεεθ]
1478 1624 1543 1684 θῖ
1586 1639 1935 1684 numerum
1995 1641 2183 1684 suum
2241 1624 2428 1686 unita
2489 1625 2588 1684 est
2639 1620 3010 1703 Unigenit0,

666 1722 779 1786 sed
824 1725 962 1805 ipse
1008 1722 1399 1805 Unigenitus
1444 1722 1701 1806 quando
1733 1725 2116 1787 incarnatus
2161 1727 2258 1786 est
2290 1729 2356 1787 et
2386 1722 2852 1786 inhumanatus
2889 1722 3014 1785 sibi

666 1828 937 1908 sumpsit
982 1825 1458 1889 humanitatem
1504 1831 1817 1908 nostram,
1883 1831 1948 1889 et
2002 1831 2193 1890 notus
2252 1832 2352 1890 est
2395 1829 2657 1909 integer
2702 1825 2898 1890 homo
2943 1827 3013 1887 in

665 1932 977 2011 quantum
1020 1926 1233 1990 factus
1278 1932 1376 1992 est
1407 1929 1573 1991 sicut
1604 1932 1704 1991 est
1733 1930 1996 2011 integer
2026 1929 2196 1992 Deus
2241 1930 2314 1991 in
2344 1934 2652 2012 quantum
2691 1933 2809 2010 est,
2840 1933 3014 1991 totus

663 2028 852 2092 nobis
899 2028 1471 2092 consubstantialis
1516 2049 1635 2112 per
1666 2049 1935 2094 carnem
1974 2035 2040 2093 et
2086 2035 2258 2095 totus
2288 2030 2476 2094 Patri
2519 2050 2636 2114 per
2681 2028 3009 2113 Spiritum.
3072 2044 3128 2088 15

662 2131 805 2195 Non
854 2133 1029 2194 enim
1077 2133 1304 2214 agnita
1350 2135 1449 2194 est
1494 2151 1650 2196 caro
1696 2135 1768 2195 in
1797 2131 2020 2197 Verbo
2052 2152 2216 2216 quae
2248 2132 2451 2197 fuerit
2478 2138 2718 2197 natura
2766 2132 2898 2196 alia
2930 2131 3014 2194 ab

662 2237 802 2317 ipso
850 2237 915 2297 et
962 2239 1185 2318 postea
1231 2237 1434 2318 ipsius
1493 2233 1670 2298 facta
1717 2238 1833 2299 sit:
1899 2237 2052 2318 quia
2095 2238 2233 2319 ipse
2279 2240 2474 2300 natus
2529 2240 2628 2298 est
2689 2237 2798 2318 qui
2857 2253 3014 2298 caro

663 2334 875 2400 factus
922 2340 1037 2399 est.
1086 2336 1169 2399 Et
1216 2340 1273 2400 si
1309 2339 1511 2420 ipsius
1541 2335 1685 2416 fuit,
1717 2357 1851 2401 non
1881 2357 2044 2401 vero
2077 2337 2348 2401 alterius
2378 2343 2656 2401 naturae
2688 2336 3014 2400 humanae

666 2458 829 2522 quae
878 2458 1172 2503 seorsum
1204 2441 1551 2521 exstiterit,
1584 2440 1697 2502 ubi
1744 2445 1842 2504 est
1872 2438 2053 2504 locus
2099 2439 2434 2523 cogitandi
2465 2439 2798 2504 Christum
2831 2457 3018 2502 crea-

664 2546 876 2604 torem
923 2546 987 2605 et
1034 2546 1427 2624 creaturam,
1475 2542 1820 2606 Dominum
1867 2547 1931 2606 et
1977 2562 2260 2624 servum,
2309 2542 2514 2606 Deum
2552 2545 2618 2605 et
2663 2541 3012 2622 hominem,
3067 2551 3130 2596 20

665 2645 736 2706 in
784 2641 945 2706 duas
991 2642 1240 2708 formas
1272 2648 1611 2728 postquam
1642 2644 2108 2709 inhumanatus
2139 2644 2280 2708 est?
2331 2642 2430 2731 [Si
2477 2645 2646 2728 quis]
2694 2645 2788 2707 ita
2820 2644 3016 2706 sentit

667 2749 781 2809 aut
828 2745 1183 2828 praedicat,
1232 2748 1451 2810 reiicit
1486 2746 2112 2830 inhumanationem,
2175 2747 2371 2811 solvit
2416 2749 2726 2810 unionem
2787 2749 2851 2808 et
2897 2763 3015 2828 pro

666 2848 792 2912 hac
837 2846 1085 2911 inducit
1131 2850 1270 2911 sive
1318 2846 1783 2912 adhaesionem
1845 2851 1984 2913 sive
2029 2849 2575 2914 inhabitationem
2636 2850 2708 2910 in
2750 2846 3014 2911 homine

665 2953 1011 3033 assumpto.
1061 2949 1241 3014 Haec
1288 2953 1487 3014 etiam
1532 2950 1961 3014 Nestorianus
2007 2954 2308 3036 opinatus
2353 2956 2484 3027 est3
2533 2969 2687 3014 nam
2719 2951 2828 3032 qui
2859 2947 3020 3012 dua-

666 3071 811 3115 rum
873 3057 1261 3116 naturarum
1307 3052 1641 3136 praedicat
1688 3073 1839 3117 eum
1885 3055 1994 3136 qui
2036 3059 2232 3118 natus
2277 3060 2392 3136 est,
2433 3054 2809 3117 necessario
2856 3049 3016 3114 duos
3069 3062 3126 3106 τῶ

667 3156 1121 3238 incorporatos
1168 3175 1309 3218 esse
1355 3154 1744 3238 intellegere
1792 3155 2014 3220 debet:
2064 3157 2395 3220 hominem
2441 3158 2550 3239 qui
2610 3159 2850 3218 natura
2897 3171 3016 3216 sua

669 3275 1022 3339 corporeus
1068 3261 1184 3338 est,
1249 3263 1315 3321 et
1360 3257 1560 3321 Deum
1625 3261 2081 3342 incorporeum
2130 3261 2238 3342 qui
2283 3261 2738 3340 incorporatus
2785 3261 2900 3318 est.
2949 3252 3020 3317 Si

672 3362 888 3421 autem
937 3361 1030 3422 ita
1076 3361 1320 3422 sentire
1352 3378 1485 3423 non
1516 3359 1688 3441 licet,
1722 3379 1930 3443 neque
1962 3360 2177 3424 Iesum
2208 3379 2348 3424 esse
2383 3358 2510 3423 duo
2541 3361 2612 3421 in
2649 3360 3016 3438 nativitate,

670 3479 792 3522 nec
840 3461 997 3524 licet
1041 3458 1386 3524 admittere
1447 3464 1578 3548 nisi
1622 3481 1821 3525 unam
1882 3467 2134 3526 tantum
2182 3479 2528 3545 personam
2590 3464 2656 3522 et
2711 3462 3019 3522 naturam

670 3564 1102 3626 incarnatam.
1152 3562 1433 3646 Etenim,
1482 3566 1863 3647 quicumque
1910 3566 1979 3627 in
2025 3564 2493 3627 humanatione
2541 3561 2704 3626 duas
2746 3567 3022 3625 naturas
3073 3572 3134 3618 30

597 3708 612 3722 .
668 3662 1014 3746 intellegit,
1041 3668 1153 3727 aut
1184 3667 1451 3747 ignorat
1482 3664 1650 3748 quod
1681 3663 1839 3728 dicit
1871 3669 1984 3729 aut
2015 3667 2070 3728 si
2115 3666 2325 3729 noscit
2355 3663 2728 3728 voluntarie
2759 3660 3022 3745 *peccat

668 3784 792 3847 quo
839 3769 1053 3849 magis
1096 3765 1458 3830 damnetur.

758 3867 891 3931 Nos
936 3887 1116 3948 vere,
1166 3869 1333 3932 sicut
1380 3867 1748 3932 audivimus
1795 3889 1830 3931 e
1876 3868 2093 3932 Libris
2138 3871 2345 3932 sacris
2391 3875 2457 3932 et
2503 3888 2589 3932 ex
2635 3871 2732 3932 eis
2779 3870 2888 3950 qui
2916 3867 3022 3931 his

672 3967 1131 4052 adhaeserunt,
1179 3970 1485 4033 Patribus
1530 3971 1760 4052 beatis,
1809 3972 1903 4034 ita
1950 3969 2311 4053 didicimuS,
2360 3977 2426 4035 et
2472 3969 2778 4035 docemus
2823 3974 2889 4033 et
2927 3973 3023 4032 te-

670 4088 918 4152 nemuS,
968 4076 1033 4133 et
1078 4069 1405 4134 credimus
1450 4073 1519 4133 in
1564 4091 1768 4134 unum
1811 4071 2050 4134 Filium
2095 4072 2212 4134 Dei
2257 4091 2404 4136 cum
2450 4072 2650 4136 Patre
2681 4076 2746 4134 et
2779 4069 3021 4153 Spiritu
3075 4081 3134 4127 35

672 4176 919 4254 sancto,
967 4175 1075 4255 qui
1122 4177 1219 4236 θεῖ
1266 4172 1838 4238 consubstantialis
1885 4178 1950 4236 et
1996 4173 2322 4257 coequalis
2367 4175 2488 4238 Dei
2531 4174 2770 4254 Patris,
2811 4170 3026 4256 splen-

677 4269 798 4336 dor
844 4277 909 4335 et
954 4276 1175 4356 imago
1221 4293 1539 4356 personae
1588 4277 1749 4357 eiuS,
1777 4277 2182 4359 omnipotens
2226 4277 2472 4339 virtute
2520 4276 2711 4339 verbi
2755 4276 2875 4355 sui,
2919 4275 3028 4356 qui

677 4374 741 4434 in
795 4373 1010 4455 gloria
1056 4395 1194 4457 sua,
1244 4377 1410 4438 sicut
1457 4374 1625 4440 dixit
1669 4375 2062 4460 Apostolus¹
2113 4379 2482 4440 exinanivit
2514 4379 2929 4459 semetipsum
2961 4379 3025 4466 et

769 4490 785 4517 ¹
824 4489 906 4542 cf.
943 4490 1191 4558 Philip..
1225 4505 1283 4552 n,
1322 4492 1371 4544 8.
