<?xml version="1.0" encoding="UTF-8"?>
<!DOCTYPE html PUBLIC "-//W3C//DTD XHTML 1.0 Transitional//EN"
    "http://www.w3.org/TR/xhtml1/DTD/xhtml1-transitional.dtd">
<html xmlns="http://www.w3.org/1999/xhtml" xml:lang="en" lang="en">
 <head>
  <title>
</title>
<meta http-equiv="Content-Type" content="text/html;charset=utf-8" />
  <meta name='ocr-system' content='tesseract 3.04.00' />
  <meta name='ocr-capabilities' content='ocr_page ocr_carea ocr_par ocr_line ocrx_word'/>
</head>
<body>
  <div class='ocr_page' id='page_1' title='image "./corpusscriptoru13unkngoog_0143.png"; bbox 0 0 3400 5642; ppageno 0'>
   <div class='ocr_carea' id='block_1_1' title="bbox 452 661 3204 4426">
    <p class='ocr_par' dir='ltr' id='par_1_1' title="bbox 728 661 3090 830">
     <span class='ocr_line' id='line_1_1' title="bbox 730 661 3090 748; baseline 0.001 -20"><span class='ocrx_word' id='word_1_1' title='bbox 730 664 1098 748; x_wconf 85' lang='lat' dir='ltr'>sumpsisse,</span> <span class='ocrx_word' id='word_1_2' title='bbox 1146 661 1393 729; x_wconf 89' lang='lat' dir='ltr'>eisdem</span> <span class='ocrx_word' id='word_1_3' title='bbox 1437 663 1660 727; x_wconf 83' lang='lat' dir='ltr'>verbis</span> <span class='ocrx_word' id='word_1_4' title='bbox 1719 663 2180 746; x_wconf 84' lang='lat' dir='ltr'>redarguimus</span> <span class='ocrx_word' id='word_1_5' title='bbox 2239 666 2428 747; x_wconf 89' lang='lat' dir='ltr'>eique</span> <span class='ocrx_word' id='word_1_6' title='bbox 2475 663 2790 730; x_wconf 80' lang='lat' dir='ltr'>dicimus:</span> <span class='ocrx_word' id='word_1_7' title='bbox 2847 686 2882 729; x_wconf 86' lang='lat'>«</span> <span class='ocrx_word' id='word_1_8' title='bbox 2917 666 3090 731; x_wconf 87' lang='lat' dir='ltr'>Ver-</span> 
     </span>
     <span class='ocr_line' id='line_1_2' title="bbox 728 763 2458 830; baseline 0 0"><span class='ocrx_word' id='word_1_9' title='bbox 728 766 881 830; x_wconf 90' lang='lat' dir='ltr'>bum</span> <span class='ocrx_word' id='word_1_10' title='bbox 928 784 1085 830; x_wconf 86' lang='lat' dir='ltr'>caro</span> <span class='ocrx_word' id='word_1_11' title='bbox 1139 763 1383 830; x_wconf 78' lang='lat' dir='ltr'>factum</span> <span class='ocrx_word' id='word_1_12' title='bbox 1430 770 1529 830; x_wconf 88' lang='lat' dir='ltr'>est</span> <span class='ocrx_word' id='word_1_13' title='bbox 1574 771 1640 830; x_wconf 92' lang='lat' dir='ltr'>et</span> <span class='ocrx_word' id='word_1_14' title='bbox 1685 765 2012 829; x_wconf 83' lang='lat' dir='ltr'>habitavit</span> <span class='ocrx_word' id='word_1_15' title='bbox 2058 767 2128 830; x_wconf 92' lang='lat' dir='ltr'>in</span> <span class='ocrx_word' id='word_1_16' title='bbox 2174 765 2364 830; x_wconf 88' lang='lat' dir='ltr'>nobis</span> <span class='ocrx_word' id='word_1_17' title='bbox 2396 788 2458 830; x_wconf 70' lang='lat'>³».</span> 
     </span>
    </p>

    <p class='ocr_par' dir='ltr' id='par_1_2' title="bbox 725 864 3198 2589">
     <span class='ocr_line' id='line_1_3' title="bbox 816 864 3084 951; baseline 0.002 -19"><span class='ocrx_word' id='word_1_18' title='bbox 816 868 985 932; x_wconf 92' lang='lat' dir='ltr'>Ecce</span> <span class='ocrx_word' id='word_1_19' title='bbox 1032 887 1069 932; x_wconf 91' lang='lat' dir='ltr'>e</span> <span class='ocrx_word' id='word_1_20' title='bbox 1116 867 1331 932; x_wconf 88' lang='lat' dir='ltr'>medio</span> <span class='ocrx_word' id='word_1_21' title='bbox 1377 870 1527 932; x_wconf 88' lang='lat' dir='ltr'>viae</span> <span class='ocrx_word' id='word_1_22' title='bbox 1558 869 1778 932; x_wconf 89' lang='lat' dir='ltr'>omnia</span> <span class='ocrx_word' id='word_1_23' title='bbox 1811 864 2218 949; x_wconf 84' lang='lat' dir='ltr'>offendicula,</span> <span class='ocrx_word' id='word_1_24' title='bbox 2267 888 2430 951; x_wconf 86' lang='lat' dir='ltr'>quae</span> <span class='ocrx_word' id='word_1_25' title='bbox 2463 872 2533 934; x_wconf 89' lang='lat' dir='ltr'>in</span> <span class='ocrx_word' id='word_1_26' title='bbox 2565 889 2712 934; x_wconf 87' lang='lat' dir='ltr'>eam</span> <span class='ocrx_word' id='word_1_27' title='bbox 2759 870 3084 936; x_wconf 86' lang='lat' dir='ltr'>haeretici</span> 
     </span>
     <span class='ocr_line' id='line_1_4' title="bbox 728 970 3082 1055; baseline 0.002 -21"><span class='ocrx_word' id='word_1_28' title='bbox 728 970 949 1036; x_wconf 89' lang='lat' dir='ltr'>dolose</span> <span class='ocrx_word' id='word_1_29' title='bbox 974 973 1411 1055; x_wconf 89' lang='lat' dir='ltr'>proiecerunt,</span> <span class='ocrx_word' id='word_1_30' title='bbox 1444 972 1873 1045; x_wconf 83' lang='lat' dir='ltr'>removimus;</span> <span class='ocrx_word' id='word_1_31' title='bbox 1909 974 1973 1032; x_wconf 90' lang='lat' dir='ltr'>et</span> <span class='ocrx_word' id='word_1_32' title='bbox 2005 989 2232 1034; x_wconf 81' lang='lat' dir='ltr'>rursus</span> <span class='ocrx_word' id='word_1_33' title='bbox 2255 971 2651 1036; x_wconf 86' lang='lat' dir='ltr'>elucidatum</span> <span class='ocrx_word' id='word_1_34' title='bbox 2683 978 2782 1036; x_wconf 91' lang='lat' dir='ltr'>est</span> <span class='ocrx_word' id='word_1_35' title='bbox 2805 973 3082 1038; x_wconf 82' lang='lat' dir='ltr'>verbum</span> 
     </span>
     <span class='ocr_line' id='line_1_5' title="bbox 727 1069 3188 1156; baseline -0.001 -20"><span class='ocrx_word' id='word_1_36' title='bbox 727 1071 1040 1156; x_wconf 84' lang='lat' dir='ltr'>Apostoli,</span> <span class='ocrx_word' id='word_1_37' title='bbox 1088 1076 1401 1155; x_wconf 87' lang='lat' dir='ltr'>quantum</span> <span class='ocrx_word' id='word_1_38' title='bbox 1444 1069 1593 1134; x_wconf 90' lang='lat' dir='ltr'>fieri</span> <span class='ocrx_word' id='word_1_39' title='bbox 1621 1072 1846 1154; x_wconf 88' lang='lat' dir='ltr'>potuit.</span> <span class='ocrx_word' id='word_1_40' title='bbox 1897 1070 1978 1132; x_wconf 87' lang='lat' dir='ltr'>Et</span> <span class='ocrx_word' id='word_1_41' title='bbox 2007 1069 2288 1154; x_wconf 89' lang='lat' dir='ltr'>undique</span> <span class='ocrx_word' id='word_1_42' title='bbox 2321 1074 2619 1155; x_wconf 88' lang='lat' dir='ltr'>agnitum</span> <span class='ocrx_word' id='word_1_43' title='bbox 2656 1079 2756 1136; x_wconf 91' lang='lat' dir='ltr'>est</span> <span class='ocrx_word' id='word_1_44' title='bbox 2785 1073 3080 1137; x_wconf 81' lang='lat' dir='ltr'>Verbum</span> <span class='ocrx_word' id='word_1_45' title='bbox 3163 1091 3188 1134; x_wconf 86' lang='lat'>5</span> 
     </span>
     <span class='ocr_line' id='line_1_6' title="bbox 726 1173 3084 1257; baseline 0 -18"><span class='ocrx_word' id='word_1_46' title='bbox 726 1194 859 1245; x_wconf 88' lang='lat' dir='ltr'>non</span> <span class='ocrx_word' id='word_1_47' title='bbox 905 1195 1047 1239; x_wconf 90' lang='lat' dir='ltr'>esse</span> <span class='ocrx_word' id='word_1_48' title='bbox 1094 1177 1509 1238; x_wconf 88' lang='lat' dir='ltr'>incarnatum</span> <span class='ocrx_word' id='word_1_49' title='bbox 1555 1191 1673 1256; x_wconf 90' lang='lat' dir='ltr'>per</span> <span class='ocrx_word' id='word_1_50' title='bbox 1725 1175 2171 1254; x_wconf 83' lang='lat' dir='ltr'>mutationem,</span> <span class='ocrx_word' id='word_1_51' title='bbox 2225 1193 2348 1237; x_wconf 91' lang='lat' dir='ltr'>nec</span> <span class='ocrx_word' id='word_1_52' title='bbox 2393 1176 2466 1236; x_wconf 92' lang='lat' dir='ltr'>in</span> <span class='ocrx_word' id='word_1_53' title='bbox 2501 1173 2784 1257; x_wconf 83' lang='lat' dir='ltr'>Virgine</span> <span class='ocrx_word' id='word_1_54' title='bbox 2829 1181 3084 1239; x_wconf 91' lang='lat' dir='ltr'>tantum</span> 
     </span>
     <span class='ocr_line' id='line_1_7' title="bbox 725 1276 3082 1359; baseline 0 -17"><span class='ocrx_word' id='word_1_55' title='bbox 725 1276 971 1342; x_wconf 89' lang='lat' dir='ltr'>factum</span> <span class='ocrx_word' id='word_1_56' title='bbox 1017 1297 1159 1341; x_wconf 89' lang='lat' dir='ltr'>esse</span> <span class='ocrx_word' id='word_1_57' title='bbox 1206 1279 1363 1359; x_wconf 86' lang='lat' dir='ltr'>quin</span> <span class='ocrx_word' id='word_1_58' title='bbox 1410 1295 1496 1340; x_wconf 84' lang='lat' dir='ltr'>ex</span> <span class='ocrx_word' id='word_1_59' title='bbox 1542 1295 1620 1339; x_wconf 91' lang='lat' dir='ltr'>ea</span> <span class='ocrx_word' id='word_1_60' title='bbox 1680 1277 2098 1339; x_wconf 87' lang='lat' dir='ltr'>incarnatum</span> <span class='ocrx_word' id='word_1_61' title='bbox 2158 1278 2261 1358; x_wconf 90' lang='lat' dir='ltr'>sit,</span> <span class='ocrx_word' id='word_1_62' title='bbox 2308 1295 2430 1340; x_wconf 91' lang='lat' dir='ltr'>nec</span> <span class='ocrx_word' id='word_1_63' title='bbox 2477 1279 2892 1342; x_wconf 88' lang='lat' dir='ltr'>incarnatum</span> <span class='ocrx_word' id='word_1_64' title='bbox 2939 1298 3082 1342; x_wconf 88' lang='lat' dir='ltr'>esse</span> 
     </span>
     <span class='ocr_line' id='line_1_8' title="bbox 726 1376 3084 1460; baseline 0 -17"><span class='ocrx_word' id='word_1_65' title='bbox 726 1382 866 1443; x_wconf 87' lang='lat' dir='ltr'>sine</span> <span class='ocrx_word' id='word_1_66' title='bbox 914 1382 1155 1460; x_wconf 89' lang='lat' dir='ltr'>anima,</span> <span class='ocrx_word' id='word_1_67' title='bbox 1201 1398 1327 1442; x_wconf 90' lang='lat' dir='ltr'>nec</span> <span class='ocrx_word' id='word_1_68' title='bbox 1372 1380 1593 1441; x_wconf 88' lang='lat' dir='ltr'>anima</span> <span class='ocrx_word' id='word_1_69' title='bbox 1626 1379 1766 1440; x_wconf 89' lang='lat' dir='ltr'>sine</span> <span class='ocrx_word' id='word_1_70' title='bbox 1814 1383 2030 1441; x_wconf 78' lang='lat' dir='ltr'>mente</span> <span class='ocrx_word' id='word_1_71' title='bbox 2061 1376 2484 1442; x_wconf 85' lang='lat' dir='ltr'>informatum</span> <span class='ocrx_word' id='word_1_72' title='bbox 2533 1397 2696 1460; x_wconf 89' lang='lat' dir='ltr'>esse,</span> <span class='ocrx_word' id='word_1_73' title='bbox 2745 1379 2858 1443; x_wconf 88' lang='lat' dir='ltr'>sed</span> <span class='ocrx_word' id='word_1_74' title='bbox 2905 1400 3084 1459; x_wconf 90' lang='lat' dir='ltr'>eum,</span> 
     </span>
     <span class='ocr_line' id='line_1_9' title="bbox 726 1481 3079 1568; baseline 0 -20"><span class='ocrx_word' id='word_1_75' title='bbox 726 1488 835 1567; x_wconf 89' lang='lat' dir='ltr'>qui</span> <span class='ocrx_word' id='word_1_76' title='bbox 878 1489 1053 1548; x_wconf 92' lang='lat' dir='ltr'>totus</span> <span class='ocrx_word' id='word_1_77' title='bbox 1098 1485 1480 1566; x_wconf 80' lang='lat' dir='ltr'>agnoscitur</span> <span class='ocrx_word' id='word_1_78' title='bbox 1524 1483 1695 1546; x_wconf 90' lang='lat' dir='ltr'>Deus</span> <span class='ocrx_word' id='word_1_79' title='bbox 1741 1481 2094 1546; x_wconf 89' lang='lat' dir='ltr'>secundum</span> <span class='ocrx_word' id='word_1_80' title='bbox 2133 1503 2319 1546; x_wconf 91' lang='lat' dir='ltr'>suum</span> <span class='ocrx_word' id='word_1_81' title='bbox 2369 1502 2406 1546; x_wconf 82' lang='lat'>‹</span> <span class='ocrx_word' id='word_1_82' title='bbox 2440 1503 2582 1547; x_wconf 88' lang='lat' dir='ltr'>esse</span> <span class='ocrx_word' id='word_1_83' title='bbox 2618 1505 2676 1566; x_wconf 88' lang='lat'>»,</span> <span class='ocrx_word' id='word_1_84' title='bbox 2725 1489 2930 1548; x_wconf 89' lang='lat' dir='ltr'>totum</span> <span class='ocrx_word' id='word_1_85' title='bbox 2965 1505 3079 1568; x_wconf 91' lang='lat' dir='ltr'>ap-</span> 
     </span>
     <span class='ocr_line' id='line_1_10' title="bbox 726 1583 3192 1670; baseline -0.002 -20"><span class='ocrx_word' id='word_1_86' title='bbox 726 1590 1019 1670; x_wconf 83' lang='lat' dir='ltr'>paruisse</span> <span class='ocrx_word' id='word_1_87' title='bbox 1068 1586 1397 1650; x_wconf 89' lang='lat' dir='ltr'>hominem</span> <span class='ocrx_word' id='word_1_88' title='bbox 1444 1583 1799 1648; x_wconf 90' lang='lat' dir='ltr'>secundum</span> <span class='ocrx_word' id='word_1_89' title='bbox 1829 1603 2017 1648; x_wconf 89' lang='lat' dir='ltr'>suum</span> <span class='ocrx_word' id='word_1_90' title='bbox 2067 1604 2104 1650; x_wconf 71' lang='lat'>⁴&lt;</span> <span class='ocrx_word' id='word_1_91' title='bbox 2135 1583 2282 1648; x_wconf 90' lang='lat' dir='ltr'>fieri</span> <span class='ocrx_word' id='word_1_92' title='bbox 2307 1605 2367 1668; x_wconf 82' lang='lat'>»,</span> <span class='ocrx_word' id='word_1_93' title='bbox 2417 1591 2481 1650; x_wconf 86' lang='lat' dir='ltr'>et</span> <span class='ocrx_word' id='word_1_94' title='bbox 2525 1591 2732 1650; x_wconf 89' lang='lat' dir='ltr'>totum</span> <span class='ocrx_word' id='word_1_95' title='bbox 2779 1586 2962 1650; x_wconf 88' lang='lat' dir='ltr'>credi</span> <span class='ocrx_word' id='word_1_96' title='bbox 3008 1591 3080 1650; x_wconf 90' lang='lat' dir='ltr'>in</span> <span class='ocrx_word' id='word_1_97' title='bbox 3141 1601 3192 1644; x_wconf 86' lang='lat'>10</span> 
     </span>
     <span class='ocr_line' id='line_1_11' title="bbox 725 1686 3080 1771; baseline 0.001 -20"><span class='ocrx_word' id='word_1_98' title='bbox 725 1695 1031 1771; x_wconf 89' lang='lat' dir='ltr'>utroque:</span> <span class='ocrx_word' id='word_1_99' title='bbox 1081 1693 1287 1752; x_wconf 90' lang='lat' dir='ltr'>totum</span> <span class='ocrx_word' id='word_1_100' title='bbox 1334 1686 1536 1750; x_wconf 91' lang='lat' dir='ltr'>Deum</span> <span class='ocrx_word' id='word_1_101' title='bbox 1582 1687 1695 1750; x_wconf 88' lang='lat' dir='ltr'>ubi</span> <span class='ocrx_word' id='word_1_102' title='bbox 1739 1689 1921 1750; x_wconf 83' lang='lat' dir='ltr'>visus</span> <span class='ocrx_word' id='word_1_103' title='bbox 1967 1692 2065 1751; x_wconf 91' lang='lat' dir='ltr'>est</span> <span class='ocrx_word' id='word_1_104' title='bbox 2110 1686 2325 1769; x_wconf 92' lang='lat' dir='ltr'>homo,</span> <span class='ocrx_word' id='word_1_105' title='bbox 2375 1694 2440 1753; x_wconf 91' lang='lat' dir='ltr'>et</span> <span class='ocrx_word' id='word_1_106' title='bbox 2489 1693 2700 1752; x_wconf 88' lang='lat' dir='ltr'>totum</span> <span class='ocrx_word' id='word_1_107' title='bbox 2743 1688 3080 1754; x_wconf 90' lang='lat' dir='ltr'>hominem</span> 
     </span>
     <span class='ocr_line' id='line_1_12' title="bbox 728 1788 3080 1874; baseline 0.001 -20"><span class='ocrx_word' id='word_1_108' title='bbox 728 1791 840 1854; x_wconf 90' lang='lat' dir='ltr'>ubi</span> <span class='ocrx_word' id='word_1_109' title='bbox 886 1789 1173 1853; x_wconf 91' lang='lat' dir='ltr'>creditus</span> <span class='ocrx_word' id='word_1_110' title='bbox 1216 1794 1315 1852; x_wconf 90' lang='lat' dir='ltr'>est</span> <span class='ocrx_word' id='word_1_111' title='bbox 1360 1788 1549 1856; x_wconf 75' lang='lat' dir='ltr'>Deus,</span> <span class='ocrx_word' id='word_1_112' title='bbox 1602 1788 1874 1870; x_wconf 84' lang='lat' dir='ltr'>Etenim,</span> <span class='ocrx_word' id='word_1_113' title='bbox 1925 1793 2144 1871; x_wconf 88' lang='lat' dir='ltr'>partes</span> <span class='ocrx_word' id='word_1_114' title='bbox 2189 1809 2324 1853; x_wconf 92' lang='lat' dir='ltr'>non</span> <span class='ocrx_word' id='word_1_115' title='bbox 2369 1795 2817 1873; x_wconf 87' lang='lat' dir='ltr'>agnoscuntur</span> <span class='ocrx_word' id='word_1_116' title='bbox 2863 1794 2932 1855; x_wconf 90' lang='lat' dir='ltr'>in</span> <span class='ocrx_word' id='word_1_117' title='bbox 2980 1811 3080 1874; x_wconf 88' lang='lat' dir='ltr'>e0,</span> 
     </span>
     <span class='ocr_line' id='line_1_13' title="bbox 726 1890 3085 1974; baseline 0 -18"><span class='ocrx_word' id='word_1_118' title='bbox 726 1912 848 1958; x_wconf 92' lang='lat' dir='ltr'>nec</span> <span class='ocrx_word' id='word_1_119' title='bbox 892 1893 1105 1956; x_wconf 89' lang='lat' dir='ltr'>latera</span> <span class='ocrx_word' id='word_1_120' title='bbox 1153 1891 1584 1956; x_wconf 88' lang='lat' dir='ltr'>adhaerentia</span> <span class='ocrx_word' id='word_1_121' title='bbox 1635 1895 1910 1972; x_wconf 86' lang='lat' dir='ltr'>tantum,</span> <span class='ocrx_word' id='word_1_122' title='bbox 1959 1890 2073 1955; x_wconf 90' lang='lat' dir='ltr'>sed</span> <span class='ocrx_word' id='word_1_123' title='bbox 2119 1911 2206 1954; x_wconf 85' lang='lat' dir='ltr'>ex</span> <span class='ocrx_word' id='word_1_124' title='bbox 2253 1890 2519 1972; x_wconf 89' lang='lat' dir='ltr'>duobus,</span> <span class='ocrx_word' id='word_1_125' title='bbox 2569 1891 2635 1954; x_wconf 90' lang='lat' dir='ltr'>id</span> <span class='ocrx_word' id='word_1_126' title='bbox 2683 1898 2799 1974; x_wconf 86' lang='lat' dir='ltr'>est,</span> <span class='ocrx_word' id='word_1_127' title='bbox 2850 1913 2936 1956; x_wconf 84' lang='lat' dir='ltr'>ex</span> <span class='ocrx_word' id='word_1_128' title='bbox 2985 1893 3085 1957; x_wconf 91' lang='lat' dir='ltr'>di-</span> 
     </span>
     <span class='ocr_line' id='line_1_14' title="bbox 726 1991 3080 2074; baseline 0 -17"><span class='ocrx_word' id='word_1_129' title='bbox 726 1997 1001 2059; x_wconf 88' lang='lat' dir='ltr'>vinitate</span> <span class='ocrx_word' id='word_1_130' title='bbox 1050 1999 1115 2058; x_wconf 92' lang='lat' dir='ltr'>et</span> <span class='ocrx_word' id='word_1_131' title='bbox 1182 1993 1610 2072; x_wconf 89' lang='lat' dir='ltr'>humanitate,</span> <span class='ocrx_word' id='word_1_132' title='bbox 1672 2011 1840 2056; x_wconf 90' lang='lat' dir='ltr'>unus</span> <span class='ocrx_word' id='word_1_133' title='bbox 1883 1991 2107 2074; x_wconf 82' lang='lat' dir='ltr'>Filius,</span> <span class='ocrx_word' id='word_1_134' title='bbox 2171 1998 2238 2056; x_wconf 90' lang='lat' dir='ltr'>et</span> <span class='ocrx_word' id='word_1_135' title='bbox 2281 1991 2601 2074; x_wconf 77' lang='lat' dir='ltr'>ChristuS,</span> <span class='ocrx_word' id='word_1_136' title='bbox 2651 1999 2718 2057; x_wconf 90' lang='lat' dir='ltr'>et</span> <span class='ocrx_word' id='word_1_137' title='bbox 2763 1994 3080 2058; x_wconf 85' lang='lat' dir='ltr'>Dominus</span> 
     </span>
     <span class='ocr_line' id='line_1_15' title="bbox 727 2093 3198 2180; baseline 0 -18"><span class='ocrx_word' id='word_1_138' title='bbox 727 2100 1108 2180; x_wconf 86' lang='lat' dir='ltr'>agnoscitur</span> <span class='ocrx_word' id='word_1_139' title='bbox 1130 2116 1248 2180; x_wconf 91' lang='lat' dir='ltr'>per</span> <span class='ocrx_word' id='word_1_140' title='bbox 1277 2098 1585 2160; x_wconf 90' lang='lat' dir='ltr'>unionem</span> <span class='ocrx_word' id='word_1_141' title='bbox 1609 2093 2026 2177; x_wconf 87' lang='lat' dir='ltr'>ineffabilem,</span> <span class='ocrx_word' id='word_1_142' title='bbox 2061 2115 2252 2179; x_wconf 90' lang='lat' dir='ltr'>quam</span> <span class='ocrx_word' id='word_1_143' title='bbox 2277 2098 2552 2160; x_wconf 88' lang='lat' dir='ltr'>scientia</span> <span class='ocrx_word' id='word_1_144' title='bbox 2577 2096 2867 2160; x_wconf 90' lang='lat' dir='ltr'>humana</span> <span class='ocrx_word' id='word_1_145' title='bbox 2897 2097 3082 2162; x_wconf 89' lang='lat' dir='ltr'>nullo</span> <span class='ocrx_word' id='word_1_146' title='bbox 3146 2110 3198 2154; x_wconf 85' lang='lat'>15</span> 
     </span>
     <span class='ocr_line' id='line_1_16' title="bbox 726 2196 3076 2283; baseline 0 -21"><span class='ocrx_word' id='word_1_147' title='bbox 726 2200 917 2264; x_wconf 89' lang='lat' dir='ltr'>modo</span> <span class='ocrx_word' id='word_1_148' title='bbox 964 2196 1517 2283; x_wconf 88' lang='lat' dir='ltr'>comprehendere</span> <span class='ocrx_word' id='word_1_149' title='bbox 1549 2203 1776 2282; x_wconf 86' lang='lat' dir='ltr'>potest.</span> <span class='ocrx_word' id='word_1_150' title='bbox 1827 2196 1952 2261; x_wconf 89' lang='lat' dir='ltr'>Sed</span> <span class='ocrx_word' id='word_1_151' title='bbox 1984 2203 2136 2282; x_wconf 90' lang='lat' dir='ltr'>puto</span> <span class='ocrx_word' id='word_1_152' title='bbox 2167 2218 2335 2279; x_wconf 89' lang='lat' dir='ltr'>eum,</span> <span class='ocrx_word' id='word_1_153' title='bbox 2370 2201 2479 2281; x_wconf 89' lang='lat' dir='ltr'>qui</span> <span class='ocrx_word' id='word_1_154' title='bbox 2509 2218 2595 2263; x_wconf 86' lang='lat' dir='ltr'>ex</span> <span class='ocrx_word' id='word_1_155' title='bbox 2643 2198 2922 2262; x_wconf 85' lang='lat' dir='ltr'>adverso</span> <span class='ocrx_word' id='word_1_156' title='bbox 2955 2207 3076 2281; x_wconf 90' lang='lat' dir='ltr'>est,</span> 
     </span>
     <span class='ocr_line' id='line_1_17' title="bbox 727 2297 3084 2386; baseline 0 -22"><span class='ocrx_word' id='word_1_157' title='bbox 727 2305 1111 2386; x_wconf 86' lang='lat' dir='ltr'>petiturum:</span> <span class='ocrx_word' id='word_1_158' title='bbox 1163 2299 1233 2364; x_wconf 93' lang='lat' dir='ltr'>Si</span> <span class='ocrx_word' id='word_1_159' title='bbox 1276 2297 1607 2364; x_wconf 88' lang='lat' dir='ltr'>confiteris</span> <span class='ocrx_word' id='word_1_160' title='bbox 1636 2298 1932 2363; x_wconf 87' lang='lat' dir='ltr'>Verbum</span> <span class='ocrx_word' id='word_1_161' title='bbox 1962 2298 2206 2363; x_wconf 86' lang='lat' dir='ltr'>factum</span> <span class='ocrx_word' id='word_1_162' title='bbox 2253 2319 2394 2364; x_wconf 89' lang='lat' dir='ltr'>esse</span> <span class='ocrx_word' id='word_1_163' title='bbox 2425 2319 2712 2381; x_wconf 89' lang='lat' dir='ltr'>carnem,</span> <span class='ocrx_word' id='word_1_164' title='bbox 2747 2299 2852 2364; x_wconf 93' lang='lat' dir='ltr'>dic</span> <span class='ocrx_word' id='word_1_165' title='bbox 2882 2304 3084 2365; x_wconf 89' lang='lat' dir='ltr'>etiam</span> 
     </span>
     <span class='ocr_line' id='line_1_18' title="bbox 727 2400 3084 2488; baseline 0 -22"><span class='ocrx_word' id='word_1_166' title='bbox 727 2403 1042 2488; x_wconf 88' lang='lat' dir='ltr'>quomodo</span> <span class='ocrx_word' id='word_1_167' title='bbox 1088 2402 1332 2467; x_wconf 88' lang='lat' dir='ltr'>factum</span> <span class='ocrx_word' id='word_1_168' title='bbox 1380 2404 1480 2466; x_wconf 89' lang='lat' dir='ltr'>sit.</span> <span class='ocrx_word' id='word_1_169' title='bbox 1531 2400 1716 2473; x_wconf 89' lang='lat' dir='ltr'>Quod</span> <span class='ocrx_word' id='word_1_170' title='bbox 1762 2404 1819 2465; x_wconf 89' lang='lat' dir='ltr'>si</span> <span class='ocrx_word' id='word_1_171' title='bbox 1864 2401 1988 2466; x_wconf 89' lang='lat' dir='ltr'>hoc</span> <span class='ocrx_word' id='word_1_172' title='bbox 2037 2400 2254 2465; x_wconf 87' lang='lat' dir='ltr'>dicere</span> <span class='ocrx_word' id='word_1_173' title='bbox 2287 2421 2419 2465; x_wconf 91' lang='lat' dir='ltr'>non</span> <span class='ocrx_word' id='word_1_174' title='bbox 2463 2402 2710 2484; x_wconf 84' lang='lat' dir='ltr'>valeaS,</span> <span class='ocrx_word' id='word_1_175' title='bbox 2759 2422 3084 2486; x_wconf 89' lang='lat' dir='ltr'>agnoscas</span> 
     </span>
     <span class='ocr_line' id='line_1_19' title="bbox 733 2502 3084 2589; baseline 0 -21"><span class='ocrx_word' id='word_1_176' title='bbox 733 2527 767 2568; x_wconf 82' lang='lat'>‹</span> <span class='ocrx_word' id='word_1_177' title='bbox 794 2508 1215 2589; x_wconf 88' lang='lat' dir='ltr'>assumpsisse</span> <span class='ocrx_word' id='word_1_178' title='bbox 1243 2526 1301 2586; x_wconf 84' lang='lat'>»,</span> <span class='ocrx_word' id='word_1_179' title='bbox 1350 2503 1519 2587; x_wconf 86' lang='lat' dir='ltr'>quod</span> <span class='ocrx_word' id='word_1_180' title='bbox 1550 2502 1986 2587; x_wconf 82' lang='lat' dir='ltr'>explicatione</span> <span class='ocrx_word' id='word_1_181' title='bbox 2033 2523 2166 2567; x_wconf 90' lang='lat' dir='ltr'>non</span> <span class='ocrx_word' id='word_1_182' title='bbox 2189 2502 2460 2587; x_wconf 89' lang='lat' dir='ltr'>indiget,</span> <span class='ocrx_word' id='word_1_183' title='bbox 2510 2524 2630 2568; x_wconf 87' lang='lat' dir='ltr'>nec</span> <span class='ocrx_word' id='word_1_184' title='bbox 2663 2504 2844 2568; x_wconf 88' lang='lat' dir='ltr'>dicas</span> <span class='ocrx_word' id='word_1_185' title='bbox 2879 2525 2917 2568; x_wconf 82' lang='lat'><strong>«</strong></span> <span class='ocrx_word' id='word_1_186' title='bbox 2944 2505 3084 2570; x_wconf 86' lang='lat' dir='ltr'>fac-</span> 
     </span>
    </p>

    <p class='ocr_par' dir='ltr' id='par_1_3' title="bbox 452 2603 3204 4426">
     <span class='ocr_line' id='line_1_20' title="bbox 452 2603 3196 2690; baseline 0 -20"><span class='ocrx_word' id='word_1_187' title='bbox 452 2618 510 2673; x_wconf 79' lang='lat'>1&gt;-</span> <span class='ocrx_word' id='word_1_188' title='bbox 548 2603 668 2658; x_wconf 80' lang='grc'>176·</span> <span class='ocrx_word' id='word_1_189' title='bbox 724 2612 861 2670; x_wconf 88' lang='lat' dir='ltr'>tum</span> <span class='ocrx_word' id='word_1_190' title='bbox 909 2627 1050 2671; x_wconf 89' lang='lat' dir='ltr'>esse</span> <span class='ocrx_word' id='word_1_191' title='bbox 1077 2628 1137 2690; x_wconf 86' lang='lat'>»,</span> <span class='ocrx_word' id='word_1_192' title='bbox 1178 2605 1383 2689; x_wconf 85' lang='lat' dir='ltr'>*quod</span> <span class='ocrx_word' id='word_1_193' title='bbox 1412 2610 1511 2670; x_wconf 88' lang='lat' dir='ltr'>est</span> <span class='ocrx_word' id='word_1_194' title='bbox 1542 2606 1890 2670; x_wconf 90' lang='lat' dir='ltr'>obscurum</span> <span class='ocrx_word' id='word_1_195' title='bbox 1921 2608 2121 2669; x_wconf 89' lang='lat' dir='ltr'>etiam</span> <span class='ocrx_word' id='word_1_196' title='bbox 2152 2605 2460 2670; x_wconf 91' lang='lat' dir='ltr'>audienti.</span> <span class='ocrx_word' id='word_1_197' title='bbox 2489 2605 2656 2670; x_wconf 90' lang='lat' dir='ltr'>Huic</span> <span class='ocrx_word' id='word_1_198' title='bbox 2693 2626 2816 2672; x_wconf 91' lang='lat' dir='ltr'>nos</span> <span class='ocrx_word' id='word_1_199' title='bbox 2845 2607 3080 2672; x_wconf 90' lang='lat' dir='ltr'>saltem</span> <span class='ocrx_word' id='word_1_200' title='bbox 3137 2619 3196 2664; x_wconf 76' lang='lat'>20</span> 
     </span>
     <span class='ocr_line' id='line_1_21' title="bbox 726 2705 3084 2792; baseline 0.001 -20"><span class='ocrx_word' id='word_1_201' title='bbox 726 2708 1120 2792; x_wconf 89' lang='lat' dir='ltr'>respondere</span> <span class='ocrx_word' id='word_1_202' title='bbox 1168 2707 1507 2772; x_wconf 89' lang='lat' dir='ltr'>dehemus:</span> <span class='ocrx_word' id='word_1_203' title='bbox 1558 2706 1744 2779; x_wconf 89' lang='lat' dir='ltr'>Quod</span> <span class='ocrx_word' id='word_1_204' title='bbox 1789 2705 2191 2788; x_wconf 88' lang='lat' dir='ltr'>confitemur,</span> <span class='ocrx_word' id='word_1_205' title='bbox 2242 2727 2472 2791; x_wconf 86' lang='lat' dir='ltr'>nempe</span> <span class='ocrx_word' id='word_1_206' title='bbox 2509 2729 2546 2772; x_wconf 66' lang='lat'>⁴&lt;</span> <span class='ocrx_word' id='word_1_207' title='bbox 2578 2708 2872 2772; x_wconf 89' lang='lat' dir='ltr'>Verbum</span> <span class='ocrx_word' id='word_1_208' title='bbox 2921 2729 3084 2774; x_wconf 91' lang='lat' dir='ltr'>caro</span> 
     </span>
     <span class='ocr_line' id='line_1_22' title="bbox 723 2809 3083 2895; baseline 0 -20"><span class='ocrx_word' id='word_1_209' title='bbox 723 2810 967 2876; x_wconf 89' lang='lat' dir='ltr'>factum</span> <span class='ocrx_word' id='word_1_210' title='bbox 1016 2816 1115 2875; x_wconf 92' lang='lat' dir='ltr'>est</span> <span class='ocrx_word' id='word_1_211' title='bbox 1145 2831 1206 2894; x_wconf 79' lang='lat'>»,</span> <span class='ocrx_word' id='word_1_212' title='bbox 1255 2831 1342 2874; x_wconf 82' lang='lat' dir='ltr'>ex</span> <span class='ocrx_word' id='word_1_213' title='bbox 1373 2809 1711 2894; x_wconf 90' lang='lat' dir='ltr'>Scriptura</span> <span class='ocrx_word' id='word_1_214' title='bbox 1743 2809 2146 2893; x_wconf 89' lang='lat' dir='ltr'>desumptum</span> <span class='ocrx_word' id='word_1_215' title='bbox 2178 2815 2294 2891; x_wconf 91' lang='lat' dir='ltr'>est,</span> <span class='ocrx_word' id='word_1_216' title='bbox 2329 2815 2394 2874; x_wconf 90' lang='lat' dir='ltr'>et</span> <span class='ocrx_word' id='word_1_217' title='bbox 2425 2830 2505 2874; x_wconf 91' lang='grc'>63</span> <span class='ocrx_word' id='word_1_218' title='bbox 2537 2831 2702 2894; x_wconf 86' lang='lat' dir='ltr'>quae</span> <span class='ocrx_word' id='word_1_219' title='bbox 2741 2809 3083 2895; x_wconf 89' lang='lat' dir='ltr'>Scriptura</span> 
     </span>
     <span class='ocr_line' id='line_1_23' title="bbox 724 2912 3076 2997; baseline 0 -20"><span class='ocrx_word' id='word_1_220' title='bbox 724 2913 880 2978; x_wconf 91' lang='lat' dir='ltr'>dicit</span> <span class='ocrx_word' id='word_1_221' title='bbox 926 2913 1303 2997; x_wconf 89' lang='lat' dir='ltr'>recipienda</span> <span class='ocrx_word' id='word_1_222' title='bbox 1371 2919 1522 2977; x_wconf 90' lang='lat' dir='ltr'>sunt</span> <span class='ocrx_word' id='word_1_223' title='bbox 1566 2915 1864 2996; x_wconf 87' lang='lat' dir='ltr'>quamvis</span> <span class='ocrx_word' id='word_1_224' title='bbox 1920 2931 2053 2976; x_wconf 91' lang='lat' dir='ltr'>non</span> <span class='ocrx_word' id='word_1_225' title='bbox 2098 2912 2572 2995; x_wconf 85' lang='lat' dir='ltr'>intelligantur.</span> <span class='ocrx_word' id='word_1_226' title='bbox 2621 2912 2806 2985; x_wconf 87' lang='lat' dir='ltr'>Quod</span> <span class='ocrx_word' id='word_1_227' title='bbox 2853 2920 3076 2978; x_wconf 88' lang='lat' dir='ltr'>autem</span> 
     </span>
     <span class='ocr_line' id='line_1_24' title="bbox 722 3013 3079 3098; baseline 0.001 -20"><span class='ocrx_word' id='word_1_228' title='bbox 722 3015 1018 3080; x_wconf 89' lang='lat' dir='ltr'>Verbum</span> <span class='ocrx_word' id='word_1_229' title='bbox 1064 3035 1149 3079; x_wconf 85' lang='lat' dir='ltr'>ex</span> <span class='ocrx_word' id='word_1_230' title='bbox 1196 3016 1474 3098; x_wconf 89' lang='lat' dir='ltr'>Virgine</span> <span class='ocrx_word' id='word_1_231' title='bbox 1522 3018 1624 3096; x_wconf 88' lang='lat' dir='ltr'>sit,</span> <span class='ocrx_word' id='word_1_232' title='bbox 1688 3020 1755 3078; x_wconf 91' lang='lat' dir='ltr'>et</span> <span class='ocrx_word' id='word_1_233' title='bbox 1799 3033 1932 3078; x_wconf 92' lang='lat' dir='ltr'>non</span> <span class='ocrx_word' id='word_1_234' title='bbox 1979 3034 2064 3077; x_wconf 82' lang='lat' dir='ltr'>ex</span> <span class='ocrx_word' id='word_1_235' title='bbox 2113 3013 2395 3096; x_wconf 89' lang='lat' dir='ltr'>aliunde,</span> <span class='ocrx_word' id='word_1_236' title='bbox 2444 3015 2774 3098; x_wconf 87' lang='lat' dir='ltr'>apostolus</span> <span class='ocrx_word' id='word_1_237' title='bbox 2839 3015 3079 3081; x_wconf 90' lang='lat' dir='ltr'>docuit.</span> 
     </span>
     <span class='ocr_line' id='line_1_25' title="bbox 721 3115 3196 3200; baseline 0.001 -19"><span class='ocrx_word' id='word_1_238' title='bbox 721 3117 834 3181; x_wconf 88' lang='lat' dir='ltr'>Ait</span> <span class='ocrx_word' id='word_1_239' title='bbox 858 3120 1031 3180; x_wconf 91' lang='lat' dir='ltr'>enim</span> <span class='ocrx_word' id='word_1_240' title='bbox 1063 3116 1111 3182; x_wconf 85' lang='lat'>¹:</span> <span class='ocrx_word' id='word_1_241' title='bbox 1152 3138 1188 3180; x_wconf 83' lang='grc'>«</span> <span class='ocrx_word' id='word_1_242' title='bbox 1214 3116 1377 3181; x_wconf 92' lang='lat' dir='ltr'>Cum</span> <span class='ocrx_word' id='word_1_243' title='bbox 1408 3136 1695 3180; x_wconf 91' lang='lat' dir='ltr'>essemus</span> <span class='ocrx_word' id='word_1_244' title='bbox 1727 3115 2005 3200; x_wconf 89' lang='lat' dir='ltr'>parvuli,</span> <span class='ocrx_word' id='word_1_245' title='bbox 2041 3116 2159 3180; x_wconf 90' lang='lat' dir='ltr'>sub</span> <span class='ocrx_word' id='word_1_246' title='bbox 2190 3115 2530 3180; x_wconf 89' lang='lat' dir='ltr'>elementis</span> <span class='ocrx_word' id='word_1_247' title='bbox 2561 3117 2784 3181; x_wconf 90' lang='lat' dir='ltr'>mundi</span> <span class='ocrx_word' id='word_1_248' title='bbox 2814 3137 3080 3184; x_wconf 86' lang='lat' dir='ltr'>eramus</span> <span class='ocrx_word' id='word_1_249' title='bbox 3135 3128 3196 3172; x_wconf 73' lang='lat'>²5</span> 
     </span>
     <span class='ocr_line' id='line_1_26' title="bbox 723 3217 3079 3302; baseline 0 -19"><span class='ocrx_word' id='word_1_250' title='bbox 723 3222 1104 3284; x_wconf 86' lang='lat' dir='ltr'>servientes.</span> <span class='ocrx_word' id='word_1_251' title='bbox 1155 3219 1242 3282; x_wconf 89' lang='lat' dir='ltr'>At</span> <span class='ocrx_word' id='word_1_252' title='bbox 1287 3219 1399 3282; x_wconf 91' lang='lat' dir='ltr'>ubi</span> <span class='ocrx_word' id='word_1_253' title='bbox 1444 3220 1626 3282; x_wconf 89' lang='lat' dir='ltr'>venit</span> <span class='ocrx_word' id='word_1_254' title='bbox 1659 3217 1990 3301; x_wconf 89' lang='lat' dir='ltr'>plenitudo</span> <span class='ocrx_word' id='word_1_255' title='bbox 2037 3221 2366 3302; x_wconf 83' lang='lat' dir='ltr'>temporiS,</span> <span class='ocrx_word' id='word_1_256' title='bbox 2401 3221 2578 3282; x_wconf 88' lang='lat' dir='ltr'>misit</span> <span class='ocrx_word' id='word_1_257' title='bbox 2623 3220 2794 3282; x_wconf 91' lang='lat' dir='ltr'>Deus</span> <span class='ocrx_word' id='word_1_258' title='bbox 2838 3219 3079 3284; x_wconf 88' lang='lat' dir='ltr'>Filium</span> 
     </span>
     <span class='ocr_line' id='line_1_27' title="bbox 723 3318 3080 3406; baseline 0 -20"><span class='ocrx_word' id='word_1_259' title='bbox 723 3343 928 3404; x_wconf 90' lang='lat' dir='ltr'>suum,</span> <span class='ocrx_word' id='word_1_260' title='bbox 979 3321 1221 3386; x_wconf 86' lang='lat' dir='ltr'>factum</span> <span class='ocrx_word' id='word_1_261' title='bbox 1270 3341 1355 3384; x_wconf 83' lang='lat' dir='ltr'>ex</span> <span class='ocrx_word' id='word_1_262' title='bbox 1386 3320 1681 3400; x_wconf 89' lang='lat' dir='ltr'>muliere,</span> <span class='ocrx_word' id='word_1_263' title='bbox 1716 3318 1958 3384; x_wconf 87' lang='lat' dir='ltr'>factum</span> <span class='ocrx_word' id='word_1_264' title='bbox 1991 3319 2108 3382; x_wconf 90' lang='lat' dir='ltr'>sub</span> <span class='ocrx_word' id='word_1_265' title='bbox 2155 3319 2322 3402; x_wconf 91' lang='lat' dir='ltr'>lege,</span> <span class='ocrx_word' id='word_1_266' title='bbox 2359 3325 2427 3382; x_wconf 90' lang='lat' dir='ltr'>ut</span> <span class='ocrx_word' id='word_1_267' title='bbox 2475 3340 2586 3385; x_wconf 89' lang='lat' dir='ltr'>eos</span> <span class='ocrx_word' id='word_1_268' title='bbox 2633 3323 2740 3405; x_wconf 90' lang='lat' dir='ltr'>qui</span> <span class='ocrx_word' id='word_1_269' title='bbox 2772 3322 2891 3384; x_wconf 89' lang='lat' dir='ltr'>sub</span> <span class='ocrx_word' id='word_1_270' title='bbox 2929 3322 3080 3406; x_wconf 89' lang='lat' dir='ltr'>lege</span> 
     </span>
     <span class='ocr_line' id='line_1_28' title="bbox 721 3421 3081 3508; baseline 0.001 -21"><span class='ocrx_word' id='word_1_271' title='bbox 721 3430 913 3488; x_wconf 90' lang='lat' dir='ltr'>erant</span> <span class='ocrx_word' id='word_1_272' title='bbox 938 3423 1367 3488; x_wconf 83' lang='lat' dir='ltr'>redimeret».</span> <span class='ocrx_word' id='word_1_273' title='bbox 1388 3423 1556 3487; x_wconf 89' lang='lat' dir='ltr'>Ecce</span> <span class='ocrx_word' id='word_1_274' title='bbox 1581 3422 1709 3486; x_wconf 91' lang='lat' dir='ltr'>duo</span> <span class='ocrx_word' id='word_1_275' title='bbox 1734 3441 2094 3506; x_wconf 89' lang='lat' dir='ltr'>praecones</span> <span class='ocrx_word' id='word_1_276' title='bbox 2117 3421 2343 3504; x_wconf 87' lang='lat' dir='ltr'>divini,</span> <span class='ocrx_word' id='word_1_277' title='bbox 2365 3422 2789 3506; x_wconf 87' lang='lat' dir='ltr'>Evangelista</span> <span class='ocrx_word' id='word_1_278' title='bbox 2813 3429 2879 3488; x_wconf 88' lang='lat' dir='ltr'>et</span> <span class='ocrx_word' id='word_1_279' title='bbox 2902 3423 3081 3508; x_wconf 86' lang='lat' dir='ltr'>Apo-</span> 
     </span>
     <span class='ocr_line' id='line_1_29' title="bbox 720 3522 3078 3610; baseline 0 -19"><span class='ocrx_word' id='word_1_280' title='bbox 720 3527 941 3609; x_wconf 80' lang='lat' dir='ltr'>stoluS,</span> <span class='ocrx_word' id='word_1_281' title='bbox 970 3529 1219 3610; x_wconf 90' lang='lat' dir='ltr'>pariter</span> <span class='ocrx_word' id='word_1_282' title='bbox 1250 3525 1675 3590; x_wconf 86' lang='lat' dir='ltr'>ostenderunt</span> <span class='ocrx_word' id='word_1_283' title='bbox 1704 3524 1997 3588; x_wconf 89' lang='lat' dir='ltr'>Verbum</span> <span class='ocrx_word' id='word_1_284' title='bbox 2027 3522 2272 3588; x_wconf 84' lang='lat' dir='ltr'>factum</span> <span class='ocrx_word' id='word_1_285' title='bbox 2304 3544 2444 3588; x_wconf 90' lang='lat' dir='ltr'>esse</span> <span class='ocrx_word' id='word_1_286' title='bbox 2479 3544 2770 3608; x_wconf 90' lang='lat' dir='ltr'>carnem,</span> <span class='ocrx_word' id='word_1_287' title='bbox 2807 3532 2872 3590; x_wconf 93' lang='lat' dir='ltr'>et</span> <span class='ocrx_word' id='word_1_288' title='bbox 2904 3527 3078 3592; x_wconf 89' lang='lat' dir='ltr'>unde</span> 
     </span>
     <span class='ocr_line' id='line_1_30' title="bbox 720 3626 3194 3712; baseline 0 -19"><span class='ocrx_word' id='word_1_289' title='bbox 720 3628 964 3693; x_wconf 88' lang='lat' dir='ltr'>factum</span> <span class='ocrx_word' id='word_1_290' title='bbox 1012 3633 1127 3705; x_wconf 90' lang='lat' dir='ltr'>sit;</span> <span class='ocrx_word' id='word_1_291' title='bbox 1194 3628 1305 3692; x_wconf 90' lang='lat' dir='ltr'>sed</span> <span class='ocrx_word' id='word_1_292' title='bbox 1354 3627 1451 3691; x_wconf 93' lang='lat' dir='ltr'>illi</span> <span class='ocrx_word' id='word_1_293' title='bbox 1504 3627 1844 3708; x_wconf 87' lang='lat' dir='ltr'>haeretici,</span> <span class='ocrx_word' id='word_1_294' title='bbox 1901 3647 2024 3710; x_wconf 90' lang='lat' dir='ltr'>quo</span> <span class='ocrx_word' id='word_1_295' title='bbox 2070 3626 2330 3690; x_wconf 83' lang='lat' dir='ltr'>facilius</span> <span class='ocrx_word' id='word_1_296' title='bbox 2377 3630 2460 3690; x_wconf 88' lang='lat' dir='ltr'>sit</span> <span class='ocrx_word' id='word_1_297' title='bbox 2521 3631 2617 3692; x_wconf 92' lang='lat' dir='ltr'>eis</span> <span class='ocrx_word' id='word_1_298' title='bbox 2671 3635 3077 3712; x_wconf 84' lang='lat' dir='ltr'>pervertere,</span> <span class='ocrx_word' id='word_1_299' title='bbox 3133 3637 3194 3684; x_wconf 80' lang='lat'>3⁰</span> 
     </span>
     <span class='ocr_line' id='line_1_31' title="bbox 720 3728 3078 3814; baseline 0.001 -20"><span class='ocrx_word' id='word_1_300' title='bbox 720 3731 886 3795; x_wconf 87' lang='lat' dir='ltr'>haec</span> <span class='ocrx_word' id='word_1_301' title='bbox 933 3732 1139 3795; x_wconf 89' lang='lat' dir='ltr'>verba</span> <span class='ocrx_word' id='word_1_302' title='bbox 1187 3735 1639 3814; x_wconf 86' lang='lat' dir='ltr'>corruperunt,</span> <span class='ocrx_word' id='word_1_303' title='bbox 1688 3749 1821 3793; x_wconf 92' lang='lat' dir='ltr'>non</span> <span class='ocrx_word' id='word_1_304' title='bbox 1867 3728 2073 3792; x_wconf 90' lang='lat' dir='ltr'>solum</span> <span class='ocrx_word' id='word_1_305' title='bbox 2121 3749 2238 3812; x_wconf 90' lang='lat' dir='ltr'>per</span> <span class='ocrx_word' id='word_1_306' title='bbox 2283 3731 2912 3814; x_wconf 88' lang='lat' dir='ltr'>interpretationem,</span> <span class='ocrx_word' id='word_1_307' title='bbox 2961 3732 3078 3796; x_wconf 90' lang='lat' dir='ltr'>sed</span> 
     </span>
     <span class='ocr_line' id='line_1_32' title="bbox 721 3829 3079 3915; baseline 0 -19"><span class='ocrx_word' id='word_1_308' title='bbox 721 3836 920 3896; x_wconf 90' lang='lat' dir='ltr'>etiam</span> <span class='ocrx_word' id='word_1_309' title='bbox 946 3833 1174 3896; x_wconf 90' lang='lat' dir='ltr'>ordine</span> <span class='ocrx_word' id='word_1_310' title='bbox 1200 3833 1531 3908; x_wconf 87' lang='lat' dir='ltr'>lectionis;</span> <span class='ocrx_word' id='word_1_311' title='bbox 1566 3837 1650 3915; x_wconf 91' lang='lat' dir='ltr'>et,</span> <span class='ocrx_word' id='word_1_312' title='bbox 1684 3829 1836 3894; x_wconf 91' lang='lat' dir='ltr'>dum</span> <span class='ocrx_word' id='word_1_313' title='bbox 1869 3830 2112 3894; x_wconf 91' lang='lat' dir='ltr'>Paulus</span> <span class='ocrx_word' id='word_1_314' title='bbox 2143 3830 2334 3894; x_wconf 82' lang='lat' dir='ltr'>dixit:</span> <span class='ocrx_word' id='word_1_315' title='bbox 2375 3851 2410 3894; x_wconf 85' lang='lat'>‹&lt;</span> <span class='ocrx_word' id='word_1_316' title='bbox 2437 3831 2614 3895; x_wconf 90' lang='lat' dir='ltr'>Misit</span> <span class='ocrx_word' id='word_1_317' title='bbox 2646 3833 2815 3896; x_wconf 89' lang='lat' dir='ltr'>Deus</span> <span class='ocrx_word' id='word_1_318' title='bbox 2838 3833 3079 3898; x_wconf 91' lang='lat' dir='ltr'>Filium</span> 
     </span>
     <span class='ocr_line' id='line_1_33' title="bbox 721 3932 3081 4018; baseline 0.001 -20"><span class='ocrx_word' id='word_1_319' title='bbox 721 3956 906 3998; x_wconf 90' lang='lat' dir='ltr'>suum</span> <span class='ocrx_word' id='word_1_320' title='bbox 953 3935 1197 3998; x_wconf 79' lang='lat' dir='ltr'>factum</span> <span class='ocrx_word' id='word_1_321' title='bbox 1246 3954 1332 3998; x_wconf 80' lang='lat' dir='ltr'>ex</span> <span class='ocrx_word' id='word_1_322' title='bbox 1401 3933 1674 3998; x_wconf 88' lang='lat' dir='ltr'>muliere</span> <span class='ocrx_word' id='word_1_323' title='bbox 1709 3955 1770 4016; x_wconf 85' lang='lat'>»,</span> <span class='ocrx_word' id='word_1_324' title='bbox 1819 3939 1888 3997; x_wconf 94' lang='lat' dir='ltr'>ut</span> <span class='ocrx_word' id='word_1_325' title='bbox 1936 3932 2308 3998; x_wconf 85' lang='lat' dir='ltr'>ostenderet</span> <span class='ocrx_word' id='word_1_326' title='bbox 2357 3954 2504 3998; x_wconf 91' lang='lat' dir='ltr'>eum</span> <span class='ocrx_word' id='word_1_327' title='bbox 2551 3938 2660 4018; x_wconf 89' lang='lat' dir='ltr'>qui</span> <span class='ocrx_word' id='word_1_328' title='bbox 2717 3934 2931 4000; x_wconf 86' lang='lat' dir='ltr'>factus</span> <span class='ocrx_word' id='word_1_329' title='bbox 2981 3943 3081 4000; x_wconf 89' lang='lat' dir='ltr'>est</span> 
     </span>
     <span class='ocr_line' id='line_1_34' title="bbox 720 4035 3076 4120; baseline 0 -19"><span class='ocrx_word' id='word_1_330' title='bbox 720 4057 867 4102; x_wconf 91' lang='lat' dir='ltr'>cum</span> <span class='ocrx_word' id='word_1_331' title='bbox 915 4042 1105 4119; x_wconf 88' lang='lat' dir='ltr'>esset,</span> <span class='ocrx_word' id='word_1_332' title='bbox 1156 4035 1453 4100; x_wconf 89' lang='lat' dir='ltr'>eumdem</span> <span class='ocrx_word' id='word_1_333' title='bbox 1515 4057 1655 4100; x_wconf 90' lang='lat' dir='ltr'>esse</span> <span class='ocrx_word' id='word_1_334' title='bbox 1719 4038 1827 4120; x_wconf 91' lang='lat' dir='ltr'>qui</span> <span class='ocrx_word' id='word_1_335' title='bbox 1873 4039 2107 4099; x_wconf 89' lang='lat' dir='ltr'>missus</span> <span class='ocrx_word' id='word_1_336' title='bbox 2153 4041 2269 4117; x_wconf 87' lang='lat' dir='ltr'>est,</span> <span class='ocrx_word' id='word_1_337' title='bbox 2319 4039 2426 4099; x_wconf 90' lang='lat' dir='ltr'>isti</span> <span class='ocrx_word' id='word_1_338' title='bbox 2472 4035 2818 4102; x_wconf 89' lang='lat' dir='ltr'>lectionem</span> <span class='ocrx_word' id='word_1_339' title='bbox 2863 4044 3076 4102; x_wconf 89' lang='lat' dir='ltr'>muta-</span> 
     </span>
     <span class='ocr_line' id='line_1_35' title="bbox 720 4136 3204 4222; baseline -0 -21"><span class='ocrx_word' id='word_1_340' title='bbox 720 4145 977 4222; x_wconf 88' lang='lat' dir='ltr'>verunt,</span> <span class='ocrx_word' id='word_1_341' title='bbox 1028 4139 1347 4203; x_wconf 86' lang='lat' dir='ltr'>dicentes:</span> <span class='ocrx_word' id='word_1_342' title='bbox 1412 4139 1591 4203; x_wconf 90' lang='lat' dir='ltr'>Misit</span> <span class='ocrx_word' id='word_1_343' title='bbox 1636 4139 1806 4202; x_wconf 89' lang='lat' dir='ltr'>Deus</span> <span class='ocrx_word' id='word_1_344' title='bbox 1852 4136 2058 4200; x_wconf 90' lang='lat' dir='ltr'>filium</span> <span class='ocrx_word' id='word_1_345' title='bbox 2104 4158 2309 4221; x_wconf 89' lang='lat' dir='ltr'>suum,</span> <span class='ocrx_word' id='word_1_346' title='bbox 2361 4159 2507 4202; x_wconf 90' lang='lat' dir='ltr'>eum</span> <span class='ocrx_word' id='word_1_347' title='bbox 2556 4142 2663 4222; x_wconf 90' lang='lat' dir='ltr'>qui</span> <span class='ocrx_word' id='word_1_348' title='bbox 2717 4138 2931 4205; x_wconf 84' lang='lat' dir='ltr'>factus</span> <span class='ocrx_word' id='word_1_349' title='bbox 2980 4147 3080 4205; x_wconf 91' lang='lat' dir='ltr'>est</span> <span class='ocrx_word' id='word_1_350' title='bbox 3137 4150 3204 4200; x_wconf 77' lang='grc'>35</span> 
     </span>
     <span class='ocr_line' id='line_1_36' title="bbox 721 4237 3080 4324; baseline 0 -20"><span class='ocrx_word' id='word_1_351' title='bbox 721 4261 807 4304; x_wconf 79' lang='lat' dir='ltr'>ex</span> <span class='ocrx_word' id='word_1_352' title='bbox 852 4240 1147 4323; x_wconf 87' lang='lat' dir='ltr'>muliere,</span> <span class='ocrx_word' id='word_1_353' title='bbox 1182 4261 1331 4304; x_wconf 89' lang='lat' dir='ltr'>eum</span> <span class='ocrx_word' id='word_1_354' title='bbox 1377 4242 1487 4324; x_wconf 91' lang='lat' dir='ltr'>qui</span> <span class='ocrx_word' id='word_1_355' title='bbox 1531 4239 1744 4302; x_wconf 79' lang='lat' dir='ltr'>factus</span> <span class='ocrx_word' id='word_1_356' title='bbox 1791 4243 1887 4302; x_wconf 90' lang='lat' dir='ltr'>est</span> <span class='ocrx_word' id='word_1_357' title='bbox 1920 4239 2038 4302; x_wconf 91' lang='lat' dir='ltr'>sub</span> <span class='ocrx_word' id='word_1_358' title='bbox 2084 4238 2250 4322; x_wconf 90' lang='lat' dir='ltr'>lege.</span> <span class='ocrx_word' id='word_1_359' title='bbox 2285 4237 2530 4323; x_wconf 88' lang='lat' dir='ltr'>Quippe</span> <span class='ocrx_word' id='word_1_360' title='bbox 2565 4243 2671 4323; x_wconf 88' lang='lat' dir='ltr'>qui</span> <span class='ocrx_word' id='word_1_361' title='bbox 2717 4244 3080 4324; x_wconf 85' lang='lat' dir='ltr'>opinantur</span> 
     </span>
     <span class='ocr_line' id='line_1_37' title="bbox 721 4341 3076 4426; baseline 0.001 -22"><span class='ocrx_word' id='word_1_362' title='bbox 721 4342 905 4405; x_wconf 92' lang='lat' dir='ltr'>illum</span> <span class='ocrx_word' id='word_1_363' title='bbox 950 4343 1188 4406; x_wconf 89' lang='lat' dir='ltr'>Filium</span> <span class='ocrx_word' id='word_1_364' title='bbox 1236 4346 1577 4406; x_wconf 86' lang='lat' dir='ltr'>aeternum</span> <span class='ocrx_word' id='word_1_365' title='bbox 1638 4361 1760 4404; x_wconf 90' lang='lat' dir='ltr'>nec</span> <span class='ocrx_word' id='word_1_366' title='bbox 1815 4360 1902 4404; x_wconf 81' lang='lat' dir='ltr'>ex</span> <span class='ocrx_word' id='word_1_367' title='bbox 1961 4341 2236 4404; x_wconf 87' lang='lat' dir='ltr'>muliere</span> <span class='ocrx_word' id='word_1_368' title='bbox 2284 4361 2406 4405; x_wconf 89' lang='lat' dir='ltr'>nec</span> <span class='ocrx_word' id='word_1_369' title='bbox 2453 4342 2571 4404; x_wconf 92' lang='lat' dir='ltr'>sub</span> <span class='ocrx_word' id='word_1_370' title='bbox 2631 4341 2778 4426; x_wconf 89' lang='lat' dir='ltr'>lege</span> <span class='ocrx_word' id='word_1_371' title='bbox 2825 4341 3076 4407; x_wconf 80' lang='lat' dir='ltr'>factum</span> 
     </span>
    </p>
   </div>
   <div class='ocr_carea' id='block_1_2' title="bbox 815 4563 1298 4625">
    <p class='ocr_par' dir='ltr' id='par_1_4' title="bbox 815 4563 1298 4625">
     <span class='ocr_line' id='line_1_38' title="bbox 815 4563 1298 4625; baseline -0.006 -7"><span class='ocrx_word' id='word_1_372' title='bbox 815 4565 830 4592; x_wconf 84' lang='lat'><em>¹</em></span> <span class='ocrx_word' id='word_1_373' title='bbox 876 4563 1034 4625; x_wconf 81' lang='lat' dir='ltr'><em>Gal..</em></span> <span class='ocrx_word' id='word_1_374' title='bbox 1069 4576 1150 4625; x_wconf 78' lang='grc' dir='ltr'>ιν,</span> <span class='ocrx_word' id='word_1_375' title='bbox 1188 4563 1298 4617; x_wconf 82' lang='lat'><strong>3-5.</strong></span> 
     </span>
    </p>
   </div>
   <div class='ocr_carea' id='block_1_3' title="bbox 3396 0 3400 1246">
    <p class='ocr_par' dir='ltr' id='par_1_5' title="bbox 3396 0 3400 1246">
     <span class='ocr_line' id='line_1_39' title="bbox 3396 0 3400 1246; baseline 0 0"><span class='ocrx_word' id='word_1_376' title='bbox 3396 0 3400 1246; x_wconf 95' lang='lat' dir='ltr'> </span> 
     </span>
    </p>
   </div>
  </div>
 </body>
</html>
