3400 5642
1348 526 1461 609 44(
1512 524 1641 590 193
1688 525 1799 608 )κ-

395 669 831 733 inhabitantis
876 668 1221 733 ostendere
1266 671 1508 751 nequit,
1556 671 1708 750 quia
1751 670 2068 732 nativitas
2111 688 2246 732 non
2291 668 2750 732 denominatur

396 793 486 836 ex
531 771 1031 852 inhabitatione,
1080 769 1213 852 sed,
1262 773 1429 835 sicut
1488 773 1749 854 saepius
1807 769 1966 852 dixi,
2015 791 2101 834 ex
2154 791 2189 833 «
2221 769 2370 834 fieri
2401 791 2461 852 »,
2503 777 2568 834 et
2598 790 2753 834 con-

394 875 718 957 ceptione,
765 878 830 936 et
877 875 1267 955 cognatione
1314 870 1665 936 secundum
1711 877 2034 936 naturam.

487 976 589 1040 Ita
636 981 702 1039 et
750 975 831 1038 de
878 975 1159 1056 Virgine
1207 973 1613 1037 sentiendum
1662 979 1779 1038 est.
1829 972 1898 1036 Si
1943 974 2138 1039 homo
2168 976 2240 1037 in
2271 994 2350 1038 ea
2389 974 2604 1038 factus
2633 981 2750 1056 est,

308 1094 340 1136 5
398 1078 577 1142 hunc
624 1080 906 1161 peperit3
956 1080 1011 1139 si
1058 1082 1277 1140 autem
1324 1077 1493 1140 Deus
1537 1075 1750 1140 factus
1781 1081 1879 1139 est
1923 1076 2118 1140 homo
2163 1095 2252 1140 ex
2295 1095 2394 1158 ea,
2444 1076 2752 1159 quemad-

398 1179 663 1244 modum
709 1179 894 1242 Libri
938 1178 1175 1261 ubique
1222 1178 1605 1262 praedicant
1648 1184 1716 1241 et
1762 1179 2072 1242 Doctores
2117 1181 2225 1261 qui
2270 1178 2476 1243 verba
2523 1198 2752 1242 eorum

398 1287 579 1345 recte
626 1281 1098 1344 intellexerunt
1141 1279 1573 1361 tradiderunt,
1622 1299 1772 1343 eum
1819 1283 1926 1364 qui
1963 1278 2178 1344 factus
2236 1286 2335 1344 est
2390 1283 2588 1344 etiam
2642 1301 2752 1364 pe-

398 1387 601 1468 perit3
657 1390 723 1447 et
768 1386 1007 1446 merito
1052 1386 1121 1444 in
1168 1381 1461 1446 Ecclesia
1506 1380 1874 1446 confitenda
1921 1388 2020 1446 est
2065 1383 2184 1446 Dei
2231 1385 2544 1466 genitrix,
2601 1385 2747 1466 quia

400 1507 552 1550 eum
599 1488 852 1569 peperit
898 1487 1007 1568 qui
1040 1504 1123 1548 ex
1155 1487 1296 1568 ipsa
1342 1486 1483 1548 sine
1514 1488 1876 1548 mutatione
1907 1485 2101 1549 homo
2132 1484 2346 1548 factus
2398 1490 2514 1567 est,
2564 1492 2649 1567 et,
2683 1488 2754 1547 in

282 1601 340 1646 ιο
399 1590 545 1671 ipsa
593 1591 959 1670 conceptuS,
994 1588 1451 1668 cognationem
1480 1585 1852 1649 naturalem
1883 1605 2029 1650 cum
2053 1589 2196 1669 ipsa
2227 1605 2345 1670 per
2373 1589 2756 1670 incorpora-

399 1696 651 1757 tionem
698 1695 1049 1756 contraxit.
1098 1691 1200 1773 Et,
1249 1696 1321 1754 ut
1352 1711 1461 1754 res
1489 1694 1856 1756 nativitatis
1889 1695 2177 1774 genuina
2223 1696 2412 1775 esset,
2460 1711 2615 1756 nam
2647 1696 2757 1776 qui

396 1797 699 1858 nascitur
759 1793 950 1858 debet
1012 1797 1277 1858 omnino
1338 1793 1912 1858 consubstantialis
1971 1814 2114 1857 esse
2175 1794 2274 1858 illi
2333 1815 2498 1878 quae
2561 1798 2753 1878 parit,

400 1896 716 1978 Verbum,
766 1899 917 1978 quia
962 1895 1206 1960 factum
1240 1901 1339 1959 est
1368 1895 1921 1959 consubstantiale
1953 1895 2238 1979 Virgini,
2286 1896 2354 1959 id
2401 1902 2498 1960 est
2545 1897 2754 1979 nobis,

400 1996 758 2061 secundum
788 2015 1077 2078 carnem,
1110 1999 1309 2061 etiam
1340 2002 1566 2059 natum
1612 2003 1712 2060 est
1741 2016 1829 2060 ex
1873 2017 1954 2060 ea
1985 1997 2437 2081 corporaliter,
2487 2004 2551 2061 et
2582 1997 2755 2062 idem

288 2115 343 2159 15
400 2103 503 2162 est
550 2098 1103 2162 consubstantiale
1149 2098 1338 2162 nobis
1382 2097 1736 2162 secundum
1797 2117 2065 2163 carnem
2111 2103 2177 2162 et
2223 2100 2356 2164 Deo
2401 2100 2756 2164 secundum

402 2202 724 2283 spiritum.
774 2199 1054 2282 Etenim,
1104 2203 1160 2262 si
1206 2219 1293 2263 ex
1337 2199 1814 2263 inhabitatione
1861 2201 1931 2263 in
1969 2199 2101 2264 alio
2132 2220 2336 2284 puero
2381 2208 2537 2266 nato
2583 2206 2754 2266 nati-

400 2305 579 2365 vitas
624 2302 1056 2366 inhabitantis
1102 2302 1654 2384 denominaretur,
1719 2322 1994 2385 aequum
2041 2309 2211 2368 esset
2256 2302 2595 2367 Elisabeth
2641 2324 2754 2388 ap-

400 2403 641 2486 pellari
682 2405 825 2467 sive
872 2403 1149 2487 Spiritus
1198 2407 1602 2486 genitricem,
1635 2407 1776 2468 sive
1821 2404 2104 2468 hominis
2135 2412 2201 2469 et
2245 2404 2524 2488 Spiritus
2571 2409 2756 2489 geni-

402 2509 661 2588 tricem,
708 2509 861 2589 quia
908 2505 1185 2590 Spiritus
1232 2511 1377 2569 erat
1422 2504 1529 2568 *in
1574 2525 1779 2590 puero
1825 2506 2116 2570 Iohanne
2149 2510 2258 2590 qui
2303 2527 2389 2570 ex
2436 2527 2516 2572 ea
2562 2512 2756 2572 natus
2809 2529 2866 2584 p.
2898 2513 3024 2568 261.

280 2626 345 2670 20
404 2614 524 2689 est,
573 2610 643 2670 in
690 2627 815 2691 quo
862 2611 1100 2672 scimus
1144 2606 1457 2691 Spiritum
1502 2606 1836 2671 habitasse
1881 2611 2100 2672 statim
2149 2627 2226 2672 ac
2287 2608 2575 2692 perfecte
2622 2608 2756 2673 for-

401 2715 621 2773 matus
658 2716 773 2773 est.
832 2709 1127 2774 Ostendit
1180 2713 1353 2774 enim
1410 2710 1819 2793 evangelista
1865 2710 2243 2792 Iohannem,
2300 2719 2488 2776 sexto
2534 2731 2755 2776 mense

404 2813 851 2894 conceptionis
874 2831 1051 2886 suae,
1078 2831 1239 2876 voce
1266 2814 1607 2894 genitricis
1632 2812 1749 2875 Dei
1773 2811 2014 2887 audita,
2041 2815 2110 2875 in
2142 2817 2332 2876 utero
2357 2813 2752 2888 exsultasse;

401 2933 560 2977 nam
585 2932 829 2996 mense,
855 2917 966 2997 qui
994 2919 1140 2978 erat
1172 2917 1415 2978 mensis
1438 2919 1662 2978 sextus
1686 2917 2128 2997 conceptionis
2157 2914 2515 2998 Elisabeth,
2543 2915 2757 2980 Maria

402 3015 649 3080 dicitur
696 3017 779 3080 ad
829 3015 1160 3080 Elisabeth
1206 3019 1465 3080 venisse
1499 3015 1535 3078 ¹.
1587 3016 1669 3079 Et
1713 3015 1868 3080 licet
1913 3015 2190 3100 Spiritus
2234 3022 2418 3081 tanto
2462 3023 2756 3100 tempore

281 3138 347 3182 25
405 3123 605 3182 antea
650 3119 722 3182 in
768 3138 847 3182 eo
895 3118 1313 3192 habitaverit,
1363 3124 1430 3182 et
1474 3117 1818 3182 evidenter
1861 3121 2084 3181 statim
2115 3138 2193 3183 ac
2237 3117 2628 3182 informatus
2659 3126 2759 3183 est

404 3223 631 3284 anima
679 3240 797 3304 per
842 3239 1035 3303 quam
1080 3223 1287 3303 potuit
1332 3219 1639 3303 Spiritum
1691 3223 2008 3304 accipere,
2056 3220 2172 3284 illa
2227 3239 2390 3304 quae
2437 3239 2599 3285 eum
2647 3241 2757 3304 pe-

404 3325 598 3406 perit,
647 3341 780 3387 non
828 3322 1153 3406 appellata
1200 3327 1299 3386 est
1345 3325 1637 3405 genitrix
1683 3321 1964 3406 Spiritus
2007 3330 2073 3387 et
2118 3323 2419 3405 hominiS,
2469 3323 2582 3387 sed
2613 3329 2760 3388 tan-

400 3431 545 3486 tum
572 3427 865 3506 genitrix
896 3423 1178 3487 hominis
1208 3427 1277 3487 in
1308 3443 1432 3507 quo
1463 3422 1742 3508 Spiritus
1765 3424 2106 3488 habitavit.
2135 3424 2277 3488 Non
2303 3427 2477 3487 enim
2509 3427 2760 3508 peperit

404 3524 725 3609 Spiritum
772 3525 1179 3589 habitantem
1226 3527 1298 3588 in
1344 3524 1628 3607 homine,
1690 3529 1842 3608 quia
1886 3526 2215 3590 Iohannes
2260 3532 2406 3590 erat
2449 3526 2760 3610 templum

280 3649 344 3694 ao
402 3633 665 3692 tantum
711 3633 777 3692 et
823 3647 943 3692 vas
988 3627 1265 3712 Spiritus
1302 3630 1530 3692 sancti.
1580 3629 1715 3692 Nec
1747 3629 2024 3712 Spiritus
2069 3629 2281 3693 factus
2311 3635 2410 3693 est
2457 3633 2526 3693 in
2571 3635 2762 3693 utero

404 3731 749 3794 Elisabeth
794 3730 989 3795 homo
1036 3736 1150 3794 aut
1196 3749 1372 3812 caro,
1421 3735 1588 3795 sicut
1635 3731 1805 3794 Deus
1837 3731 2125 3795 Verbum
2158 3735 2228 3794 in
2258 3732 2540 3815 Virgine
2579 3738 2644 3795 et
2675 3752 2762 3796 ex

405 3852 508 3897 ea.
559 3832 972 3916 Quapropter
1016 3833 1353 3897 Elisabeth
1386 3837 1804 3896 existimatur
1835 3836 2127 3916 genitrix
2173 3834 2457 3898 hominis
2486 3839 2759 3908 tantum,

412 3937 569 3998 licet
614 3933 893 4018 Spiritus
938 3942 1111 3999 esset
1154 3938 1223 3997 in
1269 3953 1471 4018 puero
1519 3938 1626 4018 qui
1673 3955 1760 3998 ex
1806 3955 1886 3999 ea
1932 3941 2125 3999 natus
2171 3942 2286 3999 est.

502 4037 601 4100 Ita
649 4036 991 4102 dicendum
1040 4044 1139 4102 est
1186 4040 1385 4105 etiam
1432 4038 1511 4101 de
1572 4039 1872 4122 Virgine.
1937 4037 2006 4101 Si
2065 4038 2260 4102 homo
2319 4057 2492 4102 nove
2552 4041 2623 4102 in
2683 4058 2764 4102 ea

282 4161 347 4206 35
408 4144 675 4204 creatus
720 4146 838 4221 est,
886 4145 957 4203 ut
1004 4140 1331 4204 Iohannes
1378 4142 1448 4204 in
1492 4140 1851 4222 Elisabeth,
1914 4143 2174 4205 etiamsi
2233 4139 2446 4205 factus
2490 4144 2576 4204 sit
2621 4143 2764 4204 sine

409 4243 739 4324 coniugio,
790 4247 855 4304 et
900 4244 957 4304 si
1003 4241 1173 4304 Deus
1218 4241 1510 4304 Verbum
1555 4243 1626 4304 in
1666 4262 1764 4323 eo,
1813 4245 1982 4306 sicut
2025 4241 2305 4325 Spiritus
2337 4246 2405 4305 in
2454 4241 2764 4324 Iohanne,

408 4344 838 4426 habitaverit,
884 4347 1026 4428 ipsa
1058 4349 1325 4428 propter
1352 4343 1479 4409 hoc
1506 4363 1641 4408 non
1664 4349 1876 4428 potest
1921 4345 2038 4408 Dei
2087 4347 2378 4428 genitrix
2425 4345 2762 4430 appellari.

504 4570 520 4598 ¹
560 4569 715 4632 Luc,
751 4579 792 4628 1,
830 4565 915 4620 36.

556 4729 693 4772 svn.
720 4747 788 4757 —
815 4731 868 4770 B.
892 4746 965 4756 —
987 4730 1174 4771 xxvn.
2480 4717 2550 4771 13
