3400 5642
294 665 447 732 deas
492 687 643 733 eam
688 669 1115 750 investigare,
1164 686 1247 732 ne
1294 686 1443 732 eam
1488 667 1906 752 parvifacias.
1947 667 2153 732 Omne
2199 669 2376 732 enim
2421 667 2639 753 prodi-

296 772 491 852 gium,
542 770 711 854 quod
756 768 849 852 fit,
896 774 995 834 est
1040 789 1237 854 supra
1284 772 1463 834 vires
1492 773 1842 848 scientiae;
1877 777 1942 836 et
1971 773 2184 836 omnis
2213 773 2488 836 scientia
2519 770 2640 835 hu-

294 891 485 936 mana
532 871 1317 957 incomprehensibilitate
1364 871 1650 956 prodigii
1694 871 1974 938 inferior
2017 876 2206 938 iacet.

372 975 747 1058 Pergamus
794 993 967 1038 nunc
1002 973 1087 1038 ad
1138 978 1363 1038 cetera
1408 973 1714 1058 prodigia
1765 974 2260 1042 consideranda.
2317 973 2642 1059 Scriptum

214 1089 245 1133 5
296 1080 389 1140 est
418 1075 435 1117 ¹
462 1075 745 1160 Moysen
766 1093 1033 1140 manum
1054 1093 1239 1140 suam
1272 1095 1503 1140 sanam
1534 1079 1603 1140 in
1634 1079 1850 1142 sinum
1873 1097 2060 1142 suum
2091 1079 2344 1142 misisse
2368 1095 2638 1161 eamque

292 1176 529 1242 exinde
554 1177 741 1262 lepra
772 1175 1085 1243 infectam
1116 1179 1378 1259 exiisse,
1404 1181 1642 1242 etcum
1664 1198 1814 1244 eam
1841 1181 2082 1244 iterum
2105 1181 2176 1243 in
2207 1181 2420 1244 sinum
2451 1199 2639 1244 suum

292 1282 650 1343 remisisset
698 1284 1001 1345 sanatam
1048 1299 1189 1344 esse
1236 1280 1465 1346 eodem
1510 1283 1581 1344 in
1626 1280 1772 1346 loco
1818 1301 1942 1365 quo
1973 1281 2232 1366 leprosa
2263 1280 2440 1346 facta
2471 1288 2634 1348 erat.

292 1380 599 1463 Rursum,
650 1383 865 1446 iussus
924 1387 1023 1446 est
1082 1383 1364 1465 virgam,
1412 1402 1605 1468 quam
1664 1401 1866 1448 manu
1927 1382 2210 1466 tenebat,
2275 1386 2344 1446 in
2391 1389 2638 1448 terram

293 1485 650 1566 proiicere;
702 1501 866 1566 quae
914 1484 1134 1548 statim
1182 1501 1261 1548 ac
1306 1503 1455 1548 eam
1500 1485 1778 1568 proiecit
1821 1485 2036 1550 subito
2079 1503 2402 1550 conversa
2441 1489 2540 1548 est
2569 1487 2639 1548 in

195 1598 247 1644 ιο
296 1584 653 1649 colubrum.
702 1583 785 1648 Et
830 1603 977 1650 cum
1024 1603 1249 1650 coram
1296 1605 1377 1652 eo
1422 1587 1701 1668 timeret,
1737 1585 1980 1650 studuit
2027 1586 2112 1652 ab
2141 1606 2222 1652 eo
2243 1585 2500 1670 fugere,
2525 1585 2640 1652 sed

292 1689 503 1750 iussus
550 1691 649 1750 est
680 1685 955 1752 caudam
980 1689 1123 1752 eius
1144 1686 1637 1772 apprehendere
1662 1693 1730 1754 et
1752 1687 2014 1754 fortiter
2034 1693 2295 1765 tenere;
2329 1694 2398 1754 et
2419 1691 2640 1754 statim

291 1807 365 1853 ac
410 1809 565 1854 eum
613 1788 1063 1874 apprehendit,
1110 1793 1421 1856 continuo
1466 1789 1681 1856 factus
1723 1796 1824 1856 est
1868 1793 2064 1874 virga
2109 1794 2180 1856 in
2224 1811 2424 1858 manu
2477 1795 2636 1873 eiua,

294 1893 456 1954 sicut
502 1896 705 1956 antea
752 1895 897 1956 erat
929 1890 975 1956 ².
1023 1891 1339 1976 Prodigia
1386 1891 1643 1976 quidem
1674 1892 1842 1958 baec
1869 1899 2082 1976 erant,
2131 1893 2360 1977 quibus
2389 1892 2638 1978 signifi-

296 1993 621 2057 cabantur
666 1995 983 2077 mysteria
1026 1992 1285 2070 futura;
1334 2013 1503 2077 eum,
1550 1996 1660 2077 qui
1705 2001 1804 2058 est
1835 2000 2098 2060 sanctus
2120 1999 2186 2060 et
2215 2015 2416 2079 purus
2437 1995 2642 2060 Filius

200 2112 245 2156 15
295 2093 429 2176 Dei,
477 2093 775 2159 futurum
820 2114 963 2160 esse
1009 2095 1341 2160 bominem
1387 2101 1453 2160 et
1498 2096 1762 2180 pollutis
1805 2103 1874 2162 et
1918 2096 2368 2180 peccatoribus
2397 2116 2644 2162 connu-

292 2194 699 2278 merandum,
730 2214 865 2261 non
909 2201 1133 2262 tamen
1178 2199 1603 2264 mutationem
1634 2215 1976 2281 passurum
2021 2200 2092 2262 in
2121 2217 2202 2264 eo
2242 2196 2409 2282 quod
2441 2197 2638 2262 habet

292 2298 647 2362 secundum
694 2303 1001 2363 naturam
1046 2305 1113 2364 et
1156 2301 1227 2364 in
1272 2319 1397 2384 quo
1458 2302 1842 2382 agnoscitur
1901 2319 2044 2364 esse
2105 2301 2274 2366 Deus
2327 2319 2528 2384 purus
2573 2307 2638 2366 et

290 2405 573 2464 sanctus.
624 2398 923 2484 *Moyses
966 2407 1187 2466 autem
1232 2420 1367 2466 non
1412 2421 1609 2466 ausus
1654 2407 1754 2466 est
1799 2400 1878 2468 de
1925 2402 2029 2466 his
2075 2402 2392 2488 prodigiis
2443 2421 2638 2488 quae·
2693 2430 2746 2486 p.
2786 2416 2908 2470 116.

290 2522 463 2584 rere,
512 2502 630 2568 sed
676 2505 739 2567 ei
786 2506 947 2568 satis
974 2502 1100 2568 fuit
1146 2506 1368 2570 omnia
1400 2505 1533 2570 Deo
1578 2504 1914 2588 possibilia
1959 2525 2102 2570 esse
2135 2504 2425 2572 credere.
2467 2504 2640 2570 Rur-

192 2624 243 2670 ⁴2⁰
290 2625 451 2686 sum,
502 2623 673 2689 aqua
716 2603 895 2670 facta
938 2613 1037 2672 est
1082 2609 1353 2690 sanguis
1412 2609 1483 2670 in
1542 2611 1726 2672 terra
1787 2607 2094 2692 Aegypti,
2141 2614 2210 2673 et
2253 2613 2398 2672 erat
2445 2608 2638 2672 simul

289 2727 457 2792 aqua
504 2713 571 2772 et
616 2709 917 2792 sanguis:
970 2727 1137 2793 aqua
1182 2709 1505 2774 Hebraeis
1550 2715 1615 2773 et
1660 2712 1932 2793 sanguis
1977 2709 2322 2794 Aegyptiis
2356 2712 2413 2786 ⁸;
2465 2708 2638 2796 quod

288 2809 661 2894 prodigium
708 2829 841 2874 non
886 2816 985 2876 est
1030 2811 1453 2876 scrutandum
1498 2810 1611 2876 sed
1656 2815 1912 2876 tantum
1965 2811 2381 2878 credendum.
2435 2812 2637 2878 Facta

289 2916 437 2976 sunt
484 2931 768 2993 rursum,
792 2915 865 2976 in
908 2912 1187 2996 deserte,
1214 2913 1347 2979 alia
1394 2913 1716 2997 prodigia,
1749 2933 1914 2997 quae
1945 2916 2168 2979 omnia
2197 2912 2390 2978 fidem
2421 2916 2637 3000 requi-

288 3021 460 3078 runt.
512 3014 758 3079 Manna
806 3018 1000 3097 enim,
1048 3017 1118 3079 in
1164 3036 1321 3082 aere
1368 3016 1740 3099 formatum,
1789 3036 1874 3080 ex
1923 3037 2020 3098 e0,
2069 3019 2236 3082 sicut
2265 3016 2522 3083 fructus
2551 3037 2636 3082 ex

192 3137 241 3182 π
290 3117 553 3198 arbore,
602 3115 941 3182 decidebat
988 3122 1053 3182 et
1099 3117 1548 3184 descendebat.
1598 3118 2046 3202 Unusquisque
2079 3118 2434 3184 secundum
2459 3139 2637 3184 men-

289 3237 533 3300 suram,
583 3220 749 3283 sicut
794 3220 1007 3284 iussus
1052 3225 1215 3302 erat,
1264 3239 1351 3284 ex
1396 3239 1475 3284 eo
1523 3220 1850 3296 sumebat3
1900 3219 2015 3285 sed
2061 3226 2396 3305 postquam
2449 3220 2639 3288 colle·

291 3326 549 3402 gerant,
597 3319 767 3384 alius
789 3320 951 3404 pluS,
976 3320 1147 3386 alius
1168 3324 1403 3404 minuS,
1428 3324 1629 3386 etiam
1652 3324 1724 3384 in
1747 3321 1872 3386 boc
1895 3321 2243 3388 videbatur
2267 3321 2638 3406 prodigium

291 3421 477 3504 quod,
526 3441 677 3486 cum
722 3428 1235 3506 mensuraretur,
1284 3426 1391 3507 qui
1436 3423 1581 3508 plus
1610 3423 1974 3506 collegerat
2020 3443 2214 3508 quam
2263 3443 2635 3488 mensuram

287 3541 421 3587 non
468 3522 697 3587 babuit
758 3522 1055 3608 ampliUS,
1116 3543 1239 3590 nec
1292 3528 1401 3608 qui
1454 3527 1669 3590 minus
1724 3530 2078 3608 paraverat
2139 3527 2352 3589 minus
2409 3545 2637 3609 reppe-

192 3647 243 3693 ³0
291 3627 421 3688 riit.
472 3625 857 3709 Prodigium
902 3629 1103 3692 etiam
1134 3631 1281 3692 erat
1334 3627 1503 3711 quod
1546 3646 1810 3709 manna,
1858 3647 1976 3711 pro
2021 3629 2200 3692 omni
2252 3626 2490 3712 palato,
2537 3648 2641 3692 se-

291 3727 575 3792 cundum
618 3727 1015 3793 desiderium
1082 3727 1555 3811 manducantis,
1604 3729 1864 3796 diverse
1913 3730 2240 3815 sapiebat;
2313 3734 2378 3794 et
2440 3733 2638 3795 etiam

292 3829 461 3912 quod
506 3849 771 3913 manna,
820 3829 1007 3914 quod,
1056 3834 1113 3896 si
1159 3851 1277 3915 per
1320 3839 1579 3897 noctem
1634 3832 2048 3914 servabatur,
2081 3832 2642 3917 computrescebat

292 3938 355 3995 et
400 3932 739 3997 vermibus
784 3932 1096 4017 scatebat,
1144 3953 1292 4000 cum
1315 3936 1387 3998 in
1418 3953 1643 4000 arcam
1676 3937 1854 3998 iussu
1881 3935 1999 4000 Dei
2030 3934 2490 4018 descendisset,
2526 3955 2644 4020 per

292 4033 531 4098 multas
578 4037 1043 4118 generationes
1087 4038 1533 4121 incorruptum
1564 4039 1924 4120 permansit
1952 4038 2000 4100 ⁴.
2027 4037 2410 4121 Prodigium
2441 4040 2641 4102 etiam

192 4161 243 4207 35
292 4139 390 4198 est
452 4135 623 4219 quod
692 4155 875 4201 mera
936 4139 1153 4221 virga,
1217 4156 1409 4222 quam
1471 4137 1732 4222 Moyses
1791 4137 2096 4220 habebat,
2158 4136 2374 4222 figura
2427 4139 2642 4204 crucis

292 4241 456 4318 erat,
506 4243 573 4301 et
619 4256 736 4320 per
780 4257 927 4302 eam
972 4236 1149 4303 facta
1196 4245 1346 4304 sunt
1392 4241 1611 4303 omnia
1658 4238 1959 4322 prodigia
1992 4258 2156 4322 quae
2189 4242 2430 4323 scripta
2470 4245 2637 4302 sunt.

290 4336 679 4423 Prodigium
724 4341 925 4404 etiam
973 4345 1071 4404 est
1119 4339 1285 4424 quod
1331 4338 1583 4424 lignum
1632 4342 1893 4422 siccum,
1950 4340 2119 4424 quod
2165 4339 2391 4406 Aaron
2453 4361 2640 4425 prae-

386 4557 403 4590 ¹
444 4561 576 4619 Em..
610 4573 693 4622 Ν,
712 4559 823 4614 6-7.
844 4587 916 4600 -
933 4558 955 4591 ²
978 4561 1109 4620 Ex..
1132 4573 1214 4617 lv.
1238 4562 1351 4616 2-4.
1370 4591 1441 4602 -
1462 4560 1483 4591 ⁸
1510 4564 1641 4625 Er„
1663 4576 1768 4626 vu,
1800 4561 2098 4618 meh-⁴
2119 4563 2249 4628 Ex„
2273 4577 2396 4626 xv1.
2423 4563 2490 4620 14
2516 4578 2642 4636 sqq.
