3400 5642
1781 541 1896 630 4⁴(
1945 543 2034 607 22
2083 542 2198 630 >u—

812 687 1041 752 ritales
1084 690 1382 767 virtuteS,
1431 705 1706 770 quarum
1751 688 2027 750 scientia
2073 687 2492 748 existimatur
2549 689 2774 750 nostra
2837 685 3164 767 subtilior,

809 789 1235 854 subtilitatem
1280 794 1557 852 naturae
1606 790 1750 852 eius
1793 790 2038 851 intueri
2083 787 2326 860 valent,
2368 789 2538 870 quia,
2571 787 2726 852 licet
2757 787 3000 870 Angeli
3031 791 3168 852 sint

810 891 999 956 nobis
1044 889 1434 971 subtiliores,
1482 890 1613 971 ille,
1663 892 1772 972 qui
1817 909 1932 954 eos
1977 891 2249 971 creavit,
2299 892 2396 952 eis
2427 887 2728 952 subtilior
2759 894 2874 952 est.
2910 889 2994 953 Et
3024 909 3168 952 ma—

813 997 915 1075 gis
960 1012 1151 1077 quam
1198 991 1539 1075 Seraphim
1588 992 1860 1056 altiores
1905 997 2054 1054 sunt
2101 990 2394 1074 AngeliS,
2429 991 2627 1055 altior
2671 997 2770 1054 est
2815 992 2986 1055 Deus
3032 991 3166 1056 illis

811 1200 1084 1262 scientia
1131 1196 1507 1279 Cherubim,
1556 1199 1665 1280 qui
1711 1198 1776 1260 ei
1820 1195 2232 1278 benedicunt,
2282 1215 2473 1279 quam
2505 1198 2630 1278 ipsi
2665 1194 3021 1259 Cherubim
3054 1215 3164 1279 pe-

808 1303 1085 1364 nitiores
1116 1305 1263 1362 sunt
1296 1297 1657 1382 Seraphim.
1693 1296 2016 1381 Scriptum
2048 1303 2146 1362 est
2179 1297 2192 1340 ¹
2229 1317 2342 1362 eos
2373 1297 2456 1361 ad
2489 1317 2638 1361 eum
2669 1297 2984 1362 clamasse
3015 1303 3164 1362 tan·

809 1409 979 1466 tum:
1033 1422 1069 1463 «
1104 1398 1455 1464 Benedicta
1504 1400 1718 1483 gloria
1765 1400 2023 1464 Domini
2069 1420 2104 1464 e
2151 1400 2296 1464 loco
2341 1419 2458 1464 suo
2492 1420 2564 1474 »;
2602 1403 2898 1482 quisnam
2943 1405 3162 1464 autem

810 1508 895 1570 sit
941 1505 1121 1569 locus
1152 1505 1293 1567 eius
1324 1501 1543 1566 dicere
1574 1505 2015 1566 nesciverunt.
2051 1502 2212 1566 Item
2245 1501 2588 1586 Seraphim
2620 1506 2726 1566 ter
2759 1522 2795 1563 «
2821 1500 3098 1566 Sanctus
3125 1524 3160 1564 »

812 1607 1265 1672 clamaverunt
1312 1609 1377 1667 et
1422 1605 1625 1668 semel
1671 1604 1984 1668 dixerunt
2023 1604 2084 1668 2:
2137 1625 2174 1667 ‹
2221 1603 2411 1668 Pleni
2457 1608 2606 1667 sunt
2651 1604 2821 1668 caeli
2867 1610 2930 1667 et
2975 1609 3161 1668 terra

812 1729 899 1772 ex
924 1707 1139 1790 gloria
1164 1709 1305 1769 eius
1329 1726 1401 1781 »;
1429 1724 1750 1788 quaenam
1775 1711 1994 1769 autem
2017 1711 2082 1769 et
2107 1711 2348 1789 quanta
2377 1707 2464 1769 sit
2497 1705 2710 1788 gloria
2733 1708 2875 1769 eius
2903 1705 3162 1769 intelle—

815 1829 973 1893 gere
1020 1828 1151 1873 non
1197 1811 1565 1891 potuerunt,
1614 1806 1729 1870 sed
1775 1805 2114 1871 dumtaxat
2147 1807 2528 1872 revelarunt
2559 1807 2778 1871 caelos
2807 1811 2873 1871 et
2902 1812 3154 1870 terram

814 1932 898 1976 ex
946 1931 1025 1975 ea
1072 1911 1331 1994 repleri.
1382 1908 1565 1981 Quod
1612 1913 1669 1972 si
1716 1912 1935 1973 omnia
1982 1909 2175 1993 plena
2221 1911 2352 1973 sint
2399 1929 2485 1973 ex
2533 1909 2748 1992 gloria
2794 1911 2935 1973 eius
2981 1929 3158 1972 eam-

813 2033 933 2096 que
982 2013 1151 2078 caeli
1196 2017 1261 2076 et
1304 2018 1489 2076 terra
1519 2014 1858 2075 continere
1891 2031 2022 2076 non
2054 2014 2320 2095 possint,
2355 2010 2506 2093 quid
2537 2009 2882 2076 dicendum
2914 2014 3043 2075 erit
3083 2010 3160 2075 de

810 2121 1050 2180 natura
1098 2117 1238 2178 eius
1282 2113 1389 2178 vel
1436 2116 1578 2197 quis
1624 2114 2028 2178 existimabit
2073 2114 2186 2177 ubi
2233 2112 2359 2176 sit?
2408 2113 2484 2176 In
2514 2111 2758 2176 caelis?
2783 2112 2952 2177 Ecce
2984 2113 3162 2196 pleni

812 2223 962 2280 sunt
1007 2237 1094 2280 ex
1142 2216 1355 2299 gloria
1417 2218 1589 2291 eius;
1639 2218 1711 2278 in
1763 2215 1990 2279 terra?
2045 2218 2246 2280 etiam
2299 2221 2479 2280 terra
2540 2215 2732 2298 plena
2786 2220 2881 2278 est
2930 2235 3016 2278 ex
3063 2235 3160 2278 ea.

811 2319 896 2384 Et
940 2338 1086 2382 cum
1134 2339 1220 2382 ex
1266 2338 1345 2382 ea
1394 2318 1585 2402 plena
1632 2321 1782 2399 sint,
1809 2337 1956 2381 eam
2003 2321 2341 2382 continere
2374 2336 2507 2381 non
2540 2321 2820 2400 possunt.
2857 2316 2995 2381 Hoc
3027 2320 3162 2400 qui-

813 2421 958 2485 dem
1006 2419 1403 2503 significavit
1450 2419 1610 2483 illud
1660 2441 1697 2482 «
1731 2439 1818 2483 ex
1867 2419 2080 2502 gloria
2128 2423 2270 2483 eius
2301 2441 2361 2500 2»,
2409 2439 2542 2484 non
2589 2424 2808 2482 autem
2858 2440 2895 2481 «
2945 2418 3162 2502 gloria

814 2526 955 2587 eius
1001 2545 1060 2586 ».
1109 2522 1453 2587 Paululum
1503 2525 1676 2586 enim
1728 2521 1980 2605 gloriae
2013 2525 2154 2585 eius
2197 2523 2492 2605 implevit
2523 2543 2623 2604 ea,
2657 2542 2781 2587 nec
2813 2527 3164 2606 potuerunt

813 2631 1019 2690 totam
1080 2628 1393 2708 recipere.
1464 2625 1540 2687 Et
1603 2626 1658 2686 si
1713 2643 1913 2707 opera
1960 2627 2102 2688 eius
2141 2643 2228 2688 ex
2283 2624 2496 2707 gloria
2551 2627 2692 2688 eius
2747 2623 2938 2708 plena
2991 2631 3162 2707 sunt,

813 2738 991 2817 patet
1037 2738 1343 2796 naturam
1390 2734 1531 2794 eius
1578 2730 1661 2794 ab
1715 2731 2014 2794 omnibus
2059 2750 2200 2794 esse
2249 2735 2589 2795 remotam.
2639 2731 2910 2814 Rursus,
2961 2734 3160 2796 etiam

813 2835 1103 2918 Angelos
1152 2833 1430 2917 gloriam
1480 2834 1613 2897 Deo
1660 2836 1730 2896 in
1776 2832 2112 2897 altissimis
2159 2839 2225 2898 et
2272 2853 2498 2916 pacem
2553 2837 2624 2896 in
2675 2839 2859 2898 terra
2912 2833 3166 2917 procla-

813 2941 1097 3002 mavisse
1144 2957 1289 3000 cum
1339 2939 1407 2999 in
1462 2935 1846 2999 Bethlehem
1893 2940 2088 2999 natus
2140 2940 2256 3017 est,
2306 2939 2617 3020 scriptum
2665 2940 2764 3000 est
2805 2935 2863 3011 3;
2913 2935 3027 3000 sed
3081 2934 3168 3000 ad

814 3040 1136 3102 rationem
1184 3042 1461 3100 naturae
1494 3039 1637 3100 eius
1665 3035 1846 3100 nullo
1878 3036 2068 3100 modo
2101 3043 2534 3101 acc-esserunt.
2569 3035 2925 3100 Cherubim
2955 3040 3166 3120 igitur

816 3139 1052 3204 honori
1099 3141 1240 3202 eius
1299 3137 1780 3202 benedixerunt
1840 3142 1906 3200 et
1966 3137 2438 3220 clamaverunt,
2487 3138 2808 3202 dicentes:
2873 3159 2908 3201 <
2956 3139 3166 3202 Bene-

816 3241 1050 3305 dictus·
1073 3241 1285 3305 honor
1316 3241 1571 3304 Domini
1603 3239 1682 3303 de
1731 3240 1874 3303 loco
1921 3242 2062 3304 eius
2095 3261 2154 3304 ».
2206 3239 2548 3324 Seraphim
2581 3246 2684 3305 ter
2713 3241 3170 3306 clamaverunt

822 3365 857 3407 <
906 3344 1181 3408 Sanctus
1227 3344 1537 3407 Dominus
1582 3346 1766 3407 cuius
1811 3362 1898 3406 ex
1932 3342 2146 3426 gloria
2178 3344 2353 3427 pleni
2383 3350 2533 3408 sunt
2579 3344 2749 3408 caeli
2793 3348 2859 3407 et
2887 3348 3072 3408 terra
3107 3366 3166 3408 ».

818 3446 1059 3530 Angeli
1091 3445 1641 3529 praedicaverunt
1690 3467 1726 3507 «
1763 3445 2044 3529 gloriam
2091 3449 2160 3509 in
2206 3447 2542 3512 altissimis
2587 3448 2721 3511 Deo
2767 3452 2832 3510 et
2877 3450 2948 3510 in
2987 3453 3172 3510 terra

818 3569 1043 3633 pacem
1077 3569 1136 3612 ».
1186 3548 1633 3630 Unusquisque
1680 3567 1926 3630 eorum,
1962 3551 2148 3613 iuxta
2179 3548 2476 3614 ordinem
2517 3569 2723 3631 suum,
2773 3549 2839 3613 id
2885 3548 3168 3614 ostendit

802 3649 986 3735 ‚quod
1032 3650 1158 3713 sibi
1205 3648 1567 3712 revelatum
1622 3655 1798 3712 erat:
1858 3649 1973 3713 alii
2020 3650 2336 3714 honorem
2383 3654 2542 3734 eiuS,
2592 3652 2708 3715 alii
2753 3653 3167 3715 sanctitatem

820 3757 979 3834 eiuS,
1028 3758 1094 3816 et
1140 3751 1255 3814 alii
1302 3750 1582 3834 gloriam
1630 3754 1788 3815 eius.
1853 3751 2208 3816 Cherubim
2271 3752 2766 3835 benedixerunt,
2823 3753 3170 3837 Seraphim

818 3858 1113 3917 sanctum
1161 3851 1491 3934 dixerunt,
1540 3851 1781 3935 Angeli
1814 3852 2367 3936 glorificaverunt.
2417 3853 2658 3918 Omnes
2684 3857 2935 3939 pariter
2980 3874 3171 3918 reve—

818 3955 1041 4019 larunt
1090 3975 1170 4020 ea
1217 3975 1379 4038 quae
1444 3954 1527 4019 ad
1580 3962 1884 4019 naturam
1948 3959 2088 4019 eius
2147 3956 2509 4039 pertinent;
2575 3956 2654 4021 de
2709 3960 2851 4040 ipsa
2901 3961 3168 4022 natura

713 4075 725 4085 ·
751 4101 762 4112 ·
816 4063 1041 4121 tamen
1071 4057 1237 4121 nihil
1262 4056 1481 4121 dicere
1508 4059 1651 4120 ausi
1682 4063 1849 4122 sunt.
1885 4055 2276 4121 *Cherubim
2308 4058 2563 4142 quidem
2597 4059 2937 4122 dixerunt:
2986 4079 3022 4120 «
3048 4060 3174 4122 Be-

819 4158 1115 4223 nedictus
1161 4158 1372 4222 honor
1416 4162 1557 4222 eius
1604 4158 1683 4222 de
1731 4159 1874 4223 loco
1922 4180 2038 4224 suo
2071 4181 2130 4242 »,
2181 4158 2296 4224 sed
2341 4163 2635 4244 quisnam
2683 4164 2767 4224 sit
2811 4161 2992 4226 locus
3031 4163 3174 4225 eius

818 4281 951 4325 non
982 4259 1422 4324 ostenderunt.
1459 4259 1801 4344 Seraphim
1834 4261 2175 4326 dumtaxat
2221 4265 2779 4326 annuntiaverunt
2834 4283 2982 4327 eum
3029 4283 3173 4328 esse

770 4369 777 4376 '
820 4367 1148 4438 sanctum3
1198 4363 1309 4426 ubi
1346 4383 1507 4426 vero
1553 4369 1619 4426 et
1666 4362 1984 4446 quomodo
2031 4367 2325 4445 exsistat,
2374 4383 2508 4428 non
2545 4363 3019 4448 significarunt.
3072 4365 3174 4430 Ita

912 4586 927 4612 ¹
970 4581 1206 4646 Ezncn„
1230 4597 1312 4646 111,
1342 4585 1422 4637 12.
1462 4615 1528 4623 -
1557 4583 1577 4613 ²
1606 4583 1690 4645 is„
1717 4596 1796 4648 v1‚
1823 4583 1872 4636 3.
1901 4613 1968 4622 -
1997 4581 2016 4612 ³
2042 4583 2156 4638 Csr.
2185 4585 2341 4650 Luc,
2368 4597 2428 4646 11,
2459 4586 2542 4638 14.

742 1145 755 1158 .
811 1096 1041 1180 quibus
1091 1116 1127 1157 «
1176 1099 1439 1158 sanctus
1486 1115 1522 1158 »
1572 1094 2034 1178 proclamatur,
2083 1099 2149 1156 et
2201 1097 2416 1177 magis
2459 1091 2782 1177 *penitior
2824 1098 2923 1157 est
2969 1094 3164 1158 Deus
3247 1112 3276 1152 5

3221 1620 3273 1663 lo

3231 2133 3278 2176 15
