3400 5642
450 2735 511 2793 p.
542 2723 627 2777 41.

1656 525 1770 610 -=‹(
1815 524 1904 588 36
1949 527 2060 610 >¹⁸⁸-

686 691 819 738 non
864 670 1257 756 exemplum,
1306 669 1421 735 sed
1466 690 1575 736 res
1618 673 1779 755 ipsa.
1829 667 2092 734 Modum
2137 687 2300 752 ergo
2347 687 2472 752 quo
2500 667 2796 732 Verbum
2851 669 3043 732 carni

687 791 844 838 suae
895 774 1213 838 iunctum·
1232 777 1350 856 est,
1398 771 1466 837 id
1512 778 1628 855 est,
1675 775 1950 855 unitum,
1999 773 2154 858 quin
2215 769 2512 835 confusio
2573 767 2750 834 facta
2797 771 2882 834 sit
2930 775 3044 834 aut

687 876 1021 958 corruptio
1068 873 1403 957 acciderit,
1451 893 1718 938 necesse
1751 879 1849 937 est
1879 873 2080 937 simili
2103 871 2320 956 aliquo
2351 869 2839 936 demonstrare:
2875 872 3043 935 sicut

685 977 802 1042 lux
854 977 1062 1061 oculo,
1110 979 1278 1042 sicut
1324 979 1598 1042 verbum
1642 979 1814 1059 voci,
1861 978 2030 1041 sicut
2075 977 2509 1058 cogitationes
2559 975 2841 1057 animae,
2875 975 3042 1038 sicut

686 1077 985 1146 doctrina
1032 1082 1258 1162 menti,
1306 1082 1472 1144 sicut
1517 1081 1693 1162 ignis
1739 1097 1924 1160 aur0,
1987 1080 2154 1142 sicut
2215 1075 2389 1141 radii
2431 1077 2601 1141 solis
2661 1080 2825 1160 aeri,
2875 1078 3042 1140 sicut

686 1181 1037 1256 elementa*
1060 1183 1187 1246 sibi
1231 1185 1301 1246 in
1310 1184 1538 1264 vicem,
1584 1183 1754 1244 sicut
1797 1183 2076 1244 virtutes
2121 1177 2472 1262 radicibus,
2499 1180 2668 1244 sicut
2691 1181 2873 1243 vires
2904 1175 3040 1242 effi-

685 1300 875 1350 caces
918 1282 1245 1368 frugibuS,
1294 1285 1461 1348 sicut
1508 1282 1745 1348 odores
1787 1279 2111 1346 fructibus
2144 1283 2190 1364 ¹,
2238 1283 2406 1345 sicut
2453 1283 2674 1345 anima
2707 1279 3037 1345 membris.

684 1385 866 1452 Haec
913 1393 1129 1452 autem
1178 1387 1398 1450 omnia
1460 1384 1741 1468 aliaque,
1791 1403 1955 1468 quae
2017 1382 2217 1449 simili
2275 1381 2467 1448 modo
2530 1389 3038 1467 cognoscuntur,

686 1487 821 1553 alia
867 1479 1018 1552 aliis
1086 1489 1464 1569 miscentur,
1511 1491 1585 1549 ut
1644 1505 1755 1551 res
1814 1483 2117 1568 ostendit,
2173 1491 2240 1549 et
2289 1489 2512 1549 tamen
2567 1503 2844 1569 corpora
2905 1504 3040 1550 non

686 1594 1024 1653 mutantur
1068 1591 1139 1652 in
1184 1587 1609 1652 subtilitatem
1656 1590 1972 1652 virtutum
2018 1590 2132 1651 aut
2179 1585 2452 1652 odorum
2483 1591 2597 1651 aut
2627 1589 2872 1651 virium
2903 1583 3062 1651 effi-'

686 1691 958 1772 cacium,
982 1709 1107 1754 nec
1152 1689 1279 1754 hae
1324 1692 1605 1754 virtutes
1651 1694 2160 1774 corrumpuntur
2203 1707 2281 1753 eo
2313 1686 2482 1772 quod
2505 1687 2889 1772 corporibus
2919 1690 3056 1753 mi-·

688 1797 970 1857 scentur.

774 1893 1203 1980 Quapropter,
1248 1893 1411 1959 talia
1458 1898 1764 1958 accurate
1811 1893 2272 1977 intellegentes
2318 1897 2383 1957 et
2421 1891 2918 1977 unumquodque
2951 1913 3041 1958 ex

686 1999 791 2063 his
822 1996 1139 2082 exemplis
1160 1994 1654 2082 perpendentes»,
1677 2015 1837 2060 nam
1858 2015 1968 2060 res
1991 1992 2362 2060 huiusmodi
2383 1997 2664 2059 scientia
2688 1995 3041 2079 exploran-

685 2108 811 2184 tur,
838 2098 1193 2184 diligenter
1214 2096 1555 2180 discemuS,
1581 2099 1881 2182 quamvis
1903 2117 2023 2182 per
2045 2096 2398 2180 naturalia,
2423 2099 2601 2161 iniis
2623 2116 2788 2181 quae
2813 2115 3038 2182 super-

683 2202 1079 2269 naturaliter
1108 2199 1286 2266 facta
1310 2205 1460 2265 sunt
1484 2200 1893 2265 divinitatem
1919 2200 2322 2266 humanitati
2337 2202 2759 2264 commixtam
2786 2206 2852 2264 et
2885 2219 3041 2265 con-

684 2309 973 2369 iunctam
1032 2322 1196 2385 esse,
1244 2307 1314 2367 ut
1360 2301 1514 2386 Syri
1560 2299 1803 2384 dicunt,
1851 2305 1964 2365 aut
2011 2303 2411 2385 apparuisse,
2459 2305 2530 2364 ut
2576 2299 2852 2366 Graecis
2898 2322 3039 2367 mos

686 2412 783 2472 est
827 2405 1021 2490 loqui.
1048 2404 1327 2469 Nomina
1373 2405 1569 2486 enim,
1595 2408 2176 2487 quantumcumque
2223 2401 2488 2468 infirma
2545 2405 2694 2485 sint,
2729 2409 3038 2469 naturam

685 2528 909 2574 rerum
953 2527 1087 2573 non
1130 2504 1418 2589 laedunt,
1466 2508 1523 2570 si
1567 2509 1710 2593 quis
1755 2504 2112 2590 prudenter
2156 2525 2236 2570 ea
2281 2525 2602 2590 usurpare
2635 2513 2751 2571 aut
2781 2505 3036 2571 intelle-

688 2629 847 2696 gere
892 2612 1187 2686 noverit;
1249 2629 1403 2673 nam
1465 2606 1605 2672 dixi
1650 2607 2020 2691 exemplum
2067 2606 2234 2691 quod
2281 2626 2367 2672 ex
2413 2610 2593 2672 omni
2638 2613 2826 2693 parte
2882 2628 3035 2674 con-

684 2715 961 2796 veniret,
1010 2714 1143 2777 iam
1188 2730 1321 2776 non
1366 2709 1510 2776 fore
1559 2709 1946 2793 exemplum,
1973 2707 2088 2773 sed
2117 2707 2298 2774 *rem
2329 2712 2537 2795 ipsam
2585 2729 2835 2774 veram.
2863 2711 3038 2776 Loco

684 2822 891 2904 igitur
921 2839 1045 2903 quo
1090 2821 1408 2904 incipiunt
1453 2815 1601 2882 fieri
1645 2836 1963 2903 personae
1996 2835 2160 2900 quae
2191 2836 2326 2881 non
2357 2823 2567 2899 erant,
2601 2817 3039 2902 corporaliter

686 2921 1011 2985 habitavit
1058 2924 1122 2984 et
1168 2919 1345 2984 facta
1408 2924 1505 2982 est
1564 2937 1846 3002 persona
1907 2917 2022 2981 illa
2086 2937 2249 3001 quae
2305 2923 2470 3002 erat,
2533 2924 2604 2982 ut
2666 2917 3044 2984 huiusmodi

685 3024 875 3087 initio
919 3022 1109 3086 nobis
1140 3021 1428 3086 calcaret
1458 3023 1639 3084 viam
1666 3039 1910 3084 novam
1935 3019 2018 3084 ad
2048 3022 2252 3084 vitam
2277 3019 2641 3103 ducentem,
2675 3026 2746 3084 ut
2778 3020 3037 3105 quidem

682 3143 817 3189 non
864 3122 1216 3187 secundum
1264 3121 1560 3188 ordinem
1606 3124 1857 3206 primae
1903 3126 2169 3185 nostrae
2201 3124 2556 3187 creationis
2587 3141 3033 3206 nasceremur,

685 3225 799 3291 sed
844 3227 1036 3310 prout
1081 3227 1415 3290 constituit
1446 3225 1635 3288 nobis
1658 3226 1767 3307 qui
1790 3226 1972 3288 venit
2004 3221 2088 3287 ad
2111 3223 2387 3288 salutem
2411 3230 2724 3288 nostram.
2751 3223 3034 3308 Etenim,

684 3329 827 3394 loco
874 3328 1113 3394 vulvae
1159 3331 1431 3412 primae,
1458 3327 1658 3392 aliam
1705 3327 2009 3411 baptismi
2053 3326 2244 3390 nobis
2273 3329 2625 3409 constituit,
2652 3332 2724 3391 ut
2747 3347 2868 3411 per
2889 3345 3037 3392 eam

684 3436 750 3496 et
795 3451 881 3497 ex
926 3450 1006 3496 ea
1053 3430 1352 3496 homines
1381 3433 1539 3495 novi
1570 3428 1784 3493 denuo
1813 3425 2079 3505 fiamus;
2129 3430 2197 3491 in
2228 3448 2354 3512 qua
2379 3426 2690 3513 Spiritum
2739 3434 3038 3495 sanctum

682 3535 913 3618 posuit,
946 3538 1018 3598 ut
1048 3535 1430 3617 quicumque
1477 3532 1864 3615 baptizatur,
1901 3550 2049 3594 eum
2081 3533 2425 3615 accipiens,
2459 3529 2630 3594 filius
2653 3531 2771 3595 Dei
2795 3529 2927 3596 fiat.
2954 3531 3035 3595 Et

681 3633 1220 3720 quemadmodum
1268 3633 1579 3716 Verbum,
1628 3652 1775 3696 cum
1821 3631 2017 3696 homo
2062 3633 2133 3696 in
2156 3637 2346 3696 utero
2375 3631 2620 3697 factum
2645 3637 2764 3716 est,
2799 3639 3034 3717 corpus

682 3739 1027 3821 assumpsit
1074 3741 1139 3800 et
1186 3739 1279 3800 sic
1324 3735 1826 3799 inhumanatum
1872 3739 1989 3817 est,
2015 3737 2110 3798 ita
2141 3735 2341 3798 etiam
2374 3735 2753 3818 quicumque
2788 3753 2875 3799 ex
2906 3734 3034 3799 hac

680 3837 965 3903 secunda
1011 3837 1212 3902 vulva
1257 3839 1571 3918 nascitur,
1620 3835 1932 3920 Spiritum
1981 3833 2378 3920 accipiendo,
2427 3836 2546 3900 Dei
2589 3833 2663 3900 fit
2724 3834 2916 3902 filius·
2951 3835 3035 3902 Et

681 3939 1004 4008 mirabilis
1049 3938 1121 4004 fit
1166 3942 1585 4005 commutatio
1631 3958 1751 4023 per
1793 3943 2136 4025 utramque
2181 3936 2467 4022 vulvam,
2501 3937 2872 4003 naturalem
2905 3942 3033 4004 sci-

678 4042 833 4108 licet
878 4046 943 4106 et
988 4039 1573 4126 supernaturalem.
1639 4039 1899 4103 Etenim
1959 4042 2028 4103 in
2087 4038 2288 4104 vulva
2347 4040 2641 4104 naturali
2702 4037 3032 4125 Spiritalis

682 4165 949 4210 carnem
974 4146 1244 4229 sumpsit
1268 4148 1334 4209 et
1364 4143 1831 4207 inhumanatus
1861 4148 1991 4218 est3
2027 4145 2097 4206 in
2121 4141 2606 4226 supernaturali
2636 4160 2798 4208 vero
2829 4143 3030 4208 homo

680 4246 1061 4332 corporaliS,
1109 4245 1423 4330 Spiritum
1471 4243 1869 4330 accipiendo,
1917 4244 1990 4309 fit
2019 4242 2352 4329 spiritalis.
2380 4243 2543 4310 Item
2575 4265 2732 4310 caro
2765 4265 2852 4309 ex
2875 4243 3030 4310 vira

681 4351 834 4432 gine
882 4347 1255 4432 Spiritalem
1301 4346 1629 4411 revelavit
1673 4346 2100 4433 corporalem,
2150 4352 2214 4410 et
2261 4345 2538 4432 Spiritus
2584 4348 2654 4410 in
2707 4347 3030 4431 baptismo

680 4449 1090 4534 corporalem
1136 4449 1419 4515 ostendit
1464 4449 1845 4533 spiritalem.

773 4586 790 4614 ¹
818 4583 910 4639 Sic
946 4598 1084 4649 mS.;
1120 4590 1395 4655 expectes
1435 4601 1464 4634 «
1490 4582 1735 4638 floribus
1761 4601 1812 4637 ».

3096 1597 3176 1654 1⁰³1

3090 2623 3179 2673 m.

3087 3135 3148 3181 25
