3400 5642
148 1656 195 1699 lo

147 2165 197 2209 15

142 4207 197 4252 35

1192 575 1643 661 «(171)»

245 715 799 802 quemadmodum,
850 738 995 782 cum
1042 717 1176 800 legi
1221 718 1591 783 voluntarie
1624 738 1693 782 se
1727 719 2096 801 subiecerit,
2132 724 2416 802 potestas
2455 721 2596 783 eius

244 822 362 884 sub
407 819 556 904 lege
603 840 735 884 non
781 820 958 885 facta
1004 825 1133 884 est:
1184 823 1321 904 ipse
1369 823 1543 884 enim
1590 820 1783 884 dator
1845 819 2014 904 legis
2060 827 2224 903 erat,
2274 823 2386 903 ita,
2452 841 2597 886 cum

246 923 527 987 formam
574 925 753 986 servi
797 925 1085 1006 sumpsit,
1134 941 1364 986 servus
1408 921 1805 987 naturaliter
1848 942 1981 986 non
2027 923 2239 988 factus
2287 929 2404 1006 est,
2450 926 2600 1006 quia

245 1025 417 1089 liber
462 1029 559 1089 est
606 1024 959 1089 secundum
1003 1031 1327 1089 naturam.
1378 1025 1474 1089 Ea
1511 1016 1696 1088 'enim
1745 1025 2106 1109 reputanda
2155 1033 2254 1090 est
2303 1045 2467 1090 vera
2523 1026 2604 1088 li-

246 1128 471 1192 bertas
517 1147 701 1211 quae,
750 1146 895 1191 cum
942 1126 1015 1191 fit
1059 1127 1443 1212 ubicumque
1488 1127 1649 1209 vult,
1700 1127 1782 1192 ab
1831 1131 2114 1192 essentia
2147 1148 2264 1193 sua
2296 1149 2429 1193 non
2463 1150 2602 1193 mu-

246 1235 460 1304 tatur;
511 1232 662 1313 q'uia
708 1232 764 1292 si
811 1234 1175 1294 mutaretur
1220 1247 1366 1293 cum
1398 1229 1820 1312 progreditur
1851 1229 1934 1293 ad
1966 1232 2430 1313 operationem,
2464 1232 2597 1294 iam

247 1351 381 1396 non
429 1335 597 1395 esset
642 1331 946 1407 libertas;
998 1337 1063 1394 et
1108 1351 1390 1413 rursum,
1439 1333 1495 1394 si
1557 1333 1935 1395 mutationis
1979 1334 2214 1396 timore
2270 1350 2403 1396 non
2452 1352 2601 1416 pro-

250 1433 569 1517 greditur,
596 1438 845 1498 certam
889 1452 1022 1497 non
1069 1433 1266 1496 babet
1298 1452 1482 1497 suam
1512 1431 1891 1497 firmitatem
1921 1435 1990 1496 in
2024 1453 2219 1517 opere
2251 1433 2596 1498 libertatis.

246 1537 529 1619 Etenim,
578 1539 635 1600 si
681 1539 821 1619 quis
867 1540 1124 1619 putaret
1173 1536 1373 1599 Deum
1418 1555 1553 1599 non
1596 1534 1728 1599 ledi
1767 1539 1916 1619 quia
1949 1535 2032 1599 ab
2063 1538 2325 1600 iniuriis
2357 1535 2606 1600 recedit

247 1645 313 1702 et
361 1637 607 1702 idcirco
654 1657 795 1702 esse
842 1636 1315 1702 immutabilem
1375 1641 1525 1722 quia
1577 1657 1712 1701 non
1769 1640 2005 1722 accipit
2070 1658 2106 1701 ‹<
2140 1636 2289 1702 fieri
2320 1660 2379 1720 »,
2442 1658 2601 1702 neu-

246 1746 425 1804 trum
472 1743 631 1804 satis
678 1743 847 1804 esset
895 1739 977 1802 ad
1024 1739 1597 1804 demonstrandum
1646 1759 1794 1803 eum
1855 1759 1996 1804 esse
2045 1759 2242 1823 supra
2289 1742 2600 1804 iniuriam

249 1848 314 1906 et
361 1844 805 1906 mutationem.
855 1840 1038 1912 Quod
1084 1844 1141 1905 si
1188 1861 1349 1905 vero
1396 1842 1567 1905 Deus
1611 1840 1752 1905 vult
1782 1839 1929 1905 fieri
1961 1840 2128 1925 quod
2160 1847 2225 1906 et
2257 1844 2394 1926 ipse
2427 1841 2602 1923 fecit,

248 1963 398 2007 cum
445 1945 645 2006 etiam
688 1942 1113 2007 immutabilis
1156 1945 1228 2006 in
1274 1964 1389 2008 suo
1440 1963 1475 2006 «
1509 1941 1655 2007 fieri
1687 1963 1724 2007 »
1775 1949 2058 2025 maneat,
2121 1943 2272 2008 inde
2335 1947 2599 2027 cognita

248 2052 351 2110 est
396 2048 646 2109 veritas
691 2044 1237 2110 immutabilitatis
1284 2049 1441 2110 eius,

340 2147 412 2212 Si
457 2151 599 2232 quis
644 2151 861 2232 cupiat
908 2147 1073 2212 baec
1119 2148 1416 2212 subtilius
1478 2149 1848 2233 explorare,
1906 2149 2075 2212 Deus
2134 2168 2266 2213 non
2328 2146 2604 2213 manife-

249 2255 460 2314 status
508 2255 605 2314 est
649 2251 837 2314 nobis
883 2251 1307 2314 immutabilis
1352 2271 1437 2316 ex
1484 2272 1600 2316 suo
1636 2271 1671 2314 «
1708 2271 1848 2316 esse
1882 2273 1943 2334 »‚
1978 2254 2143 2316 sicut
2176 2256 2472 2315 ostensus
2507 2257 2607 2316 est

248 2353 442 2416 nobis
486 2353 954 2417 immutabilis
1000 2373 1081 2416 ex
1133 2373 1249 2416 suo
1308 2374 1344 2416 ‹<
1377 2352 1523 2418 fieri
1557 2376 1614 2418 ».
1682 2353 1759 2416 In
1818 2353 1932 2418 illo
1995 2357 2166 2417 enim
2230 2373 2314 2418 ex
2379 2353 2605 2418 auditu

248 2456 508 2515 tantum
576 2453 1003 2534 cognovimus
1071 2471 1216 2516 eum
1281 2472 1421 2517 esse
1483 2451 1975 2534 immutabilem,
2040 2455 2110 2515 in
2172 2452 2295 2517 boc
2365 2457 2604 2534 autem,

257 2574 292 2617 «
326 2550 477 2616 fieri
510 2574 545 2615 »
594 2572 848 2636 nempe,
896 2573 981 2618 ex
1028 2555 1437 2637 experientia
1485 2556 1616 2629 rei3
1668 2557 1838 2637 quia,
1888 2557 2088 2618 etiam
2133 2559 2468 2638 postquam
2509 2552 2608 2618 fa-

252 2661 398 2720 ctus
445 2660 561 2737 est,
610 2675 679 2719 se
720 2675 861 2718 esse
892 2657 1241 2719 veritatem
1272 2655 1460 2720 nobis
1491 2655 1898 2739 praedicavit
1929 2660 1993 2720 et
2025 2655 2210 2720 dixit.
2246 2655 2326 2720 Et
2358 2675 2608 2738 rursuS,

250 2777 375 2842 per
418 2778 621 2821 unum
682 2777 767 2822 ex
828 2757 1160 2842 prophetis
1222 2757 1438 2822 docuit
1470 2757 1515 2822 ¹:
1570 2778 1605 2821 «
1640 2759 1782 2842 Ego
1829 2779 1990 2841 sum,
2040 2764 2104 2822 et
2149 2778 2284 2823 non
2325 2764 2634 2822 mutatus·

250 2880 397 2924 sum
432 2880 505 2936 »3
556 2859 872 2942 quomodo
928 2859 1300 2924 haereticus
1360 2863 1615 2944 putavit
1666 2858 2132 2925 *mutationem
2179 2864 2244 2925 ei
2291 2860 2608 2925 accidisse

249 2965 404 3047 quia
453 2961 665 3026 factus
710 2967 827 3043 est,
877 2968 990 3026 aut
1037 2983 1203 3046 eum,
1253 2965 1310 3026 si
1354 2982 1488 3027 non
1533 2967 1820 3027 mutatus
1867 2966 1969 3045 sit,
2019 2967 2186 3028 sicut
2232 2963 2408 3046 dicit,
2476 2983 2608 3027 non

248 3065 499 3131 factum
546 3063 732 3128 esse?
780 3063 1048 3148 Semper
1094 3067 1268 3128 enim
1315 3069 1412 3128 est
1460 3065 1648 3146 Deus,
1699 3069 1764 3128 et
1811 3084 1930 3149 per
1975 3065 2098 3129 boc
2141 3066 2476 3148 cognitum
2511 3070 2609 3128 est

250 3166 424 3251 quod
472 3169 755 3242 exsistit3
804 3164 1016 3232 factus
1062 3171 1160 3230 est
1206 3171 1423 3230 autem
1470 3167 1665 3231 homo
1689 3169 1760 3230 in
1791 3166 2190 3251 plenitudine
2221 3171 2607 3250 temporum,

249 3276 316 3334 et
364 3273 437 3332 in
484 3270 609 3334 hoc
655 3275 984 3334 ostensum
1032 3274 1129 3333 est
1175 3269 1344 3353 quod
1389 3269 1814 3333 immutabilis
1845 3274 1960 3333 est.
1996 3269 2219 3353 Itaque
2251 3268 2464 3334 factus
2511 3275 2609 3334 est

250 3391 387 3436 non
436 3370 645 3435 solum
676 3376 747 3434 ut
776 3391 897 3435 nos
928 3371 1140 3438 denuo
1172 3378 1450 3453 crearet,
1485 3371 1598 3436 sed
1644 3377 1716 3435 ut
1764 3377 1828 3435 et
1857 3375 2208 3436 veritatem
2241 3371 2612 3436 immutabi-

248 3474 463 3538 litatis
515 3493 672 3537 suae
729 3474 919 3537 nobis
980 3473 1371 3556 ostenderet,
1435 3475 1585 3556 quia
1648 3475 2079 3557 experientia,
2129 3473 2361 3537 melius
2415 3493 2608 3556 quam

250 3575 537 3657 auditus,
584 3577 935 3638 veritatem
980 3577 1080 3640 rei
1126 3573 1497 3659 patefacere
1546 3581 1773 3657 potest.
1823 3573 2156 3647 Quomodo
2206 3594 2368 3658 ergo
2412 3573 2611 3639 aude-

251 3684 359 3742 ret
407 3679 550 3760 quis
595 3695 845 3760 negare
894 3677 1095 3741 Deum
1140 3675 1386 3740 factum
1432 3697 1573 3741 esse
1622 3677 1995 3741 bominem?
2043 3676 2212 3741 Ecce
2263 3679 2444 3742 ‘enim
2492 3698 2611 3761 per

250 3781 382 3844 hoc
430 3781 679 3842 veritas
724 3779 1270 3844 immutabilitatis
1317 3783 1457 3843 eius
1503 3782 1788 3844 maxime
1835 3779 2132 3844 revelata
2180 3785 2294 3844 est.
2337 3778 2520 3850 Quod
2555 3782 2613 3843 si

250 3885 323 3945 in
388 3900 471 3945 eo
530 3883 955 3945 mutationem
1017 3885 1381 3964 cogitarem
1424 3881 1537 3944 ubi
1591 3899 1716 3964 ego
1779 3880 2095 3946 confiteor
2155 3901 2303 3945 eum
2363 3881 2609 3946 factum

251 4004 422 4066 esse,
470 3983 698 4049 forsan
746 3984 828 4048 ab
875 4004 953 4048 eo
1002 3986 1110 4067 qui
1154 4003 1287 4048 non
1342 3983 1551 4048 credit
1604 3987 1772 4048 sicut
1826 4003 1950 4068 ego
2013 3990 2190 4048 recte
2255 3984 2612 4068 reprehen-

252 4087 488 4162 derer3
539 4088 597 4149 si
642 4106 803 4150 vero
834 4085 1107 4150 verbum
1143 4108 1177 4149 «
1212 4084 1359 4150 fieri
1391 4108 1426 4150 »
1463 4091 1534 4150 ut
1565 4090 2026 4170 argumentum
2067 4085 2614 4150 immutabilitatis

254 4188 563 4270 adhibeO,
599 4207 721 4252 cur
748 4189 1122 4253 haereticus
1152 4207 1255 4252 me
1294 4188 1541 4252 frustra
1574 4186 1916 4271 redarguit
1948 4193 2032 4270 et,
2067 4208 2184 4272 per
2214 4207 2339 4269 me,
2375 4187 2614 4252 Iohan-

250 4311 410 4356 nem
458 4293 565 4375 qui
613 4289 812 4354 dixit:
868 4311 903 4354 «
936 4290 1229 4355 Verbum
1276 4309 1433 4354 caro
1477 4289 1722 4355 factum
1770 4296 1867 4354 est
1901 4312 1960 4373 »,
2010 4293 2305 4374 quamvis
2335 4310 2466 4354 non
2499 4289 2616 4353 ad-

252 4393 501 4458 diderit
552 4413 587 4456 «
621 4398 687 4457 et
733 4413 864 4457 non
910 4399 1195 4458 mutatus
1242 4399 1339 4458 est
1370 4414 1431 4476 7»,
1461 4391 1796 4477 siquidem,
1845 4398 1916 4456 ut
1948 4397 2120 4476 put0,
2159 4414 2195 4457 ‹<
2228 4390 2376 4456 fieri
2409 4418 2441 4450 ιι
2480 4411 2614 4456 non

354 4615 371 4641 ¹
401 4613 581 4671 Mu...
600 4625 683 4675 111,
708 4613 757 4665 6.

2662 2886 2718 2942 p.
2749 2869 2875 2926 231.
