3400 5642
181 1607 235 1652 10

186 2120 237 2164 15

1242 525 1691 612 «(107)»

284 674 617 747 nascitur;
666 671 777 736 ille
824 675 1042 734 autem
1090 671 1198 753 qui
1242 669 1587 750 inhabitat,
1640 687 1775 732 non
1807 670 2222 732 existimatur
2279 672 2494 749 natus,
2527 665 2641 730 sed

284 794 433 838 esse
480 779 733 838 tantum
780 775 851 836 in
882 791 960 838 eo
1006 775 1117 856 qui
1160 775 1471 836 nascitur.
1520 771 1996 835 Verumtamen
2043 769 2438 851 Nestoriani,
2494 787 2641 832 cum

284 875 473 940 stulti
520 877 670 957 sint,
721 873 873 938 dum
918 872 1265 938 ostendere
1312 873 1541 936 volunt
1587 891 1655 936 se
1704 871 1978 935 verbum
2040 870 2120 934 de
2175 869 2638 954 corporalitate

284 977 617 1043 subtiliter
674 975 1082 1059 intellegere,
1146 976 1573 1038 inveniuntur
1632 972 2166 1056 corporalitatem
2227 974 2486 1055 penitus
2533 970 2644 1035 de-

284 1084 581 1154 struere3
654 1081 807 1162 quia
852 1080 907 1141 si
966 1077 1077 1141 ille
1140 1079 1249 1160 qui
1310 1081 1504 1140 natus
1564 1079 1663 1138 est
1724 1093 1858 1138 non
1919 1077 2302 1158 agnoscitur
2362 1075 2642 1156 primum

282 1184 691 1263 incarnatus
738 1199 971 1244 verum
1018 1199 1253 1263 corpus
1298 1197 1427 1242 non
1476 1177 1693 1241 habet.
1744 1176 1828 1240 Et
1858 1176 2170 1241 haereses
2194 1178 2380 1257 istae,
2413 1174 2644 1239 Nesto-

284 1284 651 1364 rianorum,
700 1284 983 1364 inquam,
1032 1285 1098 1344 et
1128 1279 1712 1363 Eutychianorum‚
1747 1298 1910 1361 quae
1937 1279 2398 1343 existimantur
2429 1276 2642 1341 altera

286 1384 489 1449 alteri
550 1382 1025 1464 contradicere,
1087 1384 1515 1447 inveniuntur
1574 1400 1772 1444 unam
1835 1383 2228 1444 sententiam
2288 1385 2514 1443 tenere
2578 1382 2644 1440 et

289 1488 547 1570 pariter
590 1505 841 1569 negare
903 1485 1107 1550 Deum
1154 1503 1241 1549 ex
1286 1483 1501 1548 Maria
1555 1488 1784 1548 natum
1831 1503 1991 1547 esse.
2041 1482 2320 1563 Etenim,
2369 1483 2428 1544 si
2472 1481 2644 1544 Deus

290 1591 751 1672 apparentiam
796 1593 1049 1652 tantum
1110 1589 1348 1668 carniS,
1396 1605 1529 1650 non
1592 1593 1809 1650 autem
1871 1584 1996 1649 hoc
2055 1603 2290 1667 corpus
2349 1588 2644 1647 nostrum

289 1709 529 1756 verum
574 1694 640 1754 et
700 1709 785 1754 ex
845 1694 1084 1754 natura
1130 1689 1431 1772 Virginis
1476 1689 1804 1770 habuerit,
1867 1707 2032 1771 quae
2079 1689 2330 1770 peperit
2375 1704 2508 1750 non
2547 1690 2646 1748 est

288 1812 455 1856 vere
502 1793 803 1876 Deipara,
852 1795 1004 1876 quia
1049 1790 1161 1855 ille
1208 1811 1396 1874 quem
1458 1793 1730 1875 peperit,
1794 1793 1973 1874 prius
2034 1809 2120 1854 ex
2173 1793 2313 1874 ipsa
2367 1807 2501 1852 non
2547 1791 2646 1851 est

289 1897 695 1958 incarnatus.
744 1894 828 1957 Et
874 1913 1153 1974 rursum,
1202 1896 1259 1958 si
1313 1912 1581 1957 carnem
1642 1895 1714 1955 in
1775 1913 1899 1976 qua
1946 1891 2235 1956 Verbum
2299 1891 2643 1970 habitavit,

288 2017 429 2061 non
476 2002 693 2060 autem
740 1996 1030 2060 Verbum
1078 1999 1511 2077 incarnatum,
1546 1998 1818 2078 peperit,
1844 2014 2052 2078 neque
2077 1997 2172 2058 ita
2205 1996 2649 2076 congruenter

289 2097 623 2162 credenda
670 2103 841 2162 esset
885 2098 1005 2161 Dei
1052 2100 1363 2181 genitriX,
1428 2100 1579 2180 quia
1623 2116 1760 2161 non
1804 2097 2008 2160 Deum
2060 2099 2476 2159 incarnatum
2537 2113 2648 2176 pe-

290 2203 591 2284 perisset,
640 2199 755 2264 sed
800 2199 866 2265 id
912 2199 1083 2283 quod
1126 2219 1359 2264 recens
1402 2202 1475 2263 in
1518 2201 1661 2283 ipsa
1709 2204 2000 2264 creatum
2034 2203 2225 2280 esset,
2259 2196 2325 2261 id
2357 2202 2474 2279 est,
2501 2214 2648 2260 car-

290 2322 449 2365 nem
495 2302 602 2365 vel
648 2302 997 2366 hominem.
1048 2301 1130 2364 Et
1177 2300 1329 2385 quid
1373 2303 1503 2364 nisi
1548 2299 1710 2365 illud
1757 2303 1960 2364 sensit
2007 2305 2072 2364 et
2117 2299 2388 2364 tradidit
2419 2298 2649 2361 Nesto-

292 2403 480 2468 rius?
519 2403 749 2468 Nonne
781 2407 977 2486 enim,
1011 2406 1160 2487 quia
1184 2406 1487 2487 opinatus
1508 2407 1608 2468 est
1630 2402 1922 2467 Verbum
1949 2421 2216 2466 carnem
2246 2421 2379 2464 non
2401 2399 2650 2464 factum

292 2527 461 2588 esse,
510 2505 625 2570 sed
670 2525 937 2570 carnem
983 2505 1223 2570 factam
1272 2525 1413 2570 esse
1462 2510 1526 2569 et
1572 2525 1613 2569 a
1636 2505 1860 2569 Verbo
1885 2510 2299 2588 assumptam,
2333 2503 2649 2568 conclusit

293 2608 580 2674 Mariam
626 2629 757 2674 non
806 2629 947 2672 esse
995 2608 1113 2672 Dei
1161 2610 1570 2692 genitricem,
1597 2607 1712 2672 sed
1744 2609 1965 2671 carnis
1990 2609 2396 2690 genitricem,
2428 2605 2498 2672 id
2529 2610 2646 2686 est,

292 2712 583 2776 hominis
604 2713 675 2775 in
708 2730 831 2794 quo
856 2710 1026 2774 Deus
1052 2710 1404 2775 habitavit:
1440 2709 1609 2793 quod
1640 2712 1840 2774 etiam
1865 2709 1944 2772 de
1969 2709 2254 2792 quolibet
2277 2712 2446 2772 iusto
2469 2713 2648 2770 recte

294 2813 429 2878 dici
475 2818 701 2897 potest.
750 2812 975 2896 Itaque
1023 2814 1286 2877 omnino
1330 2814 1776 2876 necessarium
1823 2817 1922 2875 est
1951 2817 2024 2874 ut
2075 2831 2110 2874 ‹
2144 2809 2290 2874 fieri
2322 2832 2358 2875 »
2407 2811 2650 2874 nativi-

293 2919 572 2981 vitatem
618 2915 998 2999 praecedat;
1050 2921 1114 2979 et
1160 2918 1217 2978 si
1262 2914 1433 2978 Deus
1456 2914 1748 2978 creditur
1771 2913 1966 2979 homo
1997 2913 2210 2978 factus
2241 2933 2382 2978 esse
2407 2913 2648 2995 absque

295 3021 679 3100 mutatione,
727 3017 939 3101 Virgo
984 3024 1083 3082 est
1128 3037 1287 3080 vere
1335 3017 1454 3080 Dei
1500 3019 1830 3100 genitrix3
1879 3015 2049 3100 quod
2095 3019 2152 3080 si
2198 3016 2392 3080 homo
2438 3015 2650 3080 factus

296 3127 394 3185 est
446 3123 517 3184 in
550 3141 673 3204 quo
720 3121 889 3184 Deus
934 3139 1330 3203 quocumque
1377 3119 1591 3197 mod0,
1640 3122 1780 3184 sive
1829 3119 2259 3201 *voluntarie,
2310 3121 2448 3181 sive
2504 3137 2650 3200 per-

297 3223 637 3305 sonaliter,
685 3222 1015 3288 habitasse
1063 3220 1321 3303 dicitur,
1346 3221 1558 3305 Virgo
1588 3227 1804 3286 mater
1833 3227 1932 3286 est
1955 3221 2256 3302 hominiS,
2291 3223 2651 3304 quamtum-

296 3328 399 3388 vis
448 3324 560 3388 ille
608 3345 795 3408 quem
842 3327 1093 3408 peperit
1138 3342 1257 3408 per
1302 3322 1850 3387 inhabitationem
1897 3324 2013 3386 Dei
2067 3323 2446 3386 honoretur.

384 3425 517 3498 Qui
578 3445 739 3510 ergo
801 3429 893 3490 ita
956 3429 1261 3506 sentiunt,
1326 3428 1712 3509 mysterium
1774 3425 2335 3489 inhumanationis
2395 3426 2653 3508 penitus

300 3528 647 3594 destruunt
678 3534 743 3593 et
774 3528 966 3592 simul
1012 3548 1156 3592 cum
1204 3548 1301 3612 e0,
1353 3535 1423 3592 ut
1478 3526 1746 3592 evidens
1793 3533 1909 3610 est,
1960 3547 2150 3592 omne
2197 3527 2437 3590 bonum
2483 3524 2652 3609 quod

301 3651 419 3714 per
466 3630 1073 3695 inhumanationem
1122 3633 1353 3714 generi
1383 3630 1671 3694 human-o
1726 3635 2028 3714 paratum
2060 3635 2176 3694 est.
2212 3627 2488 3700 Quidam
2535 3626 2654 3690 ho-

302 3753 451 3798 rum
500 3739 721 3816 aperte
769 3732 991 3797 dicunt
1036 3733 1317 3797 Mariam
1362 3752 1495 3797 non
1542 3751 1683 3796 esse
1710 3732 1826 3796 Dei
1867 3733 2284 3815 genitricem;
2323 3730 2438 3794 alii
2467 3749 2650 3811 ver0,

302 3839 427 3900 etsi
474 3835 601 3900 hac
646 3855 807 3902 voce
855 3840 1143 3916 utantur,
1178 3854 1326 3898 eam
1358 3853 1553 3898 sensu
1585 3832 1865 3899 adverso
1921 3838 2301 3898 constanter
2331 3836 2652 3915 interpre-

302 3944 531 4003 tantur
562 3941 731 4021 quia,
780 3944 893 4002 aut
930 3957 1169 4002 nomen
1214 3939 1581 4001 nativitatis
1627 3938 1760 4001 Deo
1791 3935 2144 4001 secundum
2177 3935 2654 4000 derivationem

302 4041 618 4122 tribuunt,
652 4039 803 4104 dum
836 4043 1063 4122 putant
1095 4039 1370 4104 realiter
1399 4059 1537 4103 rem
1570 4043 1778 4123 ipsam
1811 4038 1896 4103 ad
1941 4037 2270 4102 hominem
2303 4039 2653 4121 pertinere,

204 4163 255 4208 35
306 4148 417 4206 aut
473 4142 823 4224 hominem,
860 4161 1047 4225 quem
1104 4143 1396 4224 genitum
1456 4140 1697 4222 dicunt,
1756 4141 1959 4204 Deum
2021 4144 2286 4224 propter
2337 4139 2656 4202 honorem

306 4249 577 4319 vocant;
604 4263 727 4308 nec
752 4249 981 4308 contra
1012 4243 1249 4307 Libros
1283 4247 1543 4307 sanctos
1574 4241 2062 4326 prophetarum,
2096 4246 2161 4304 et
2193 4239 2653 4324 apostolorum,

310 4353 373 4410 et
420 4345 1003 4429 evangelistarum,
1036 4350 1103 4408 et
1133 4347 1331 4408 etiam
1362 4344 1635 4408 Patrum
1666 4335 2028 4425 beatorum,
2062 4345 2172 4427 qui
2193 4340 2356 4406 talia
2389 4345 2656 4424 excogi-

310 4453 617 4514 taverunt
641 4446 876 4512 docere
903 4448 1311 4511 erubescunt.
1340 4447 1619 4528 Etenim,
1653 4449 1711 4510 si
1742 4447 1929 4528 Deus,
1964 4453 2035 4510 ut
2057 4445 2299 4528 dicunt,
2325 4445 2656 4508 hominem

312 4554 675 4636 assumpsit,
709 4553 845 4634 ipse
878 4555 1095 4614 autem
1127 4568 1261 4614 non
1293 4555 1391 4613 est
1422 4549 1888 4614 inhumanatus
1921 4569 2006 4614 ex
2037 4549 2270 4624 Maria,
2322 4553 2464 4633 quis
2494 4567 2659 4630 ergo

2706 3141 2760 3195 p.
2794 3126 2918 3182 142.
