3400 5642
1689 524 1803 611 4⁴(
1851 524 1940 590 90
1983 526 2096 612 >³-

717 671 858 734 buit
904 689 1051 752 cum
1100 672 1338 735 ceteris
1383 669 1673 734 tribuum
1720 669 2141 754 principibuS,
2189 672 2259 733 in
2289 669 2716 734 tabernaculo
2747 689 2895 734 cum
2918 670 3070 735 aliis

715 775 929 856 virgis
974 791 1197 837 coram
1230 772 1503 836 Domino
1537 775 1834 856 positum,
1867 772 2076 836 solum
2101 771 2260 836 folia
2292 771 2560 856 protulit
2591 777 2657 836 et
2680 772 3070 857 amygdalas

720 873 899 939 dedit
938 873 975 938 ¹.
1024 873 1407 958 Prodigium
1455 879 1521 938 et
1564 872 1745 956 illud,
1795 877 1865 937 in
1907 874 2334 940 tabernaculo
2381 873 2645 956 factum,
2695 873 2862 958 quod
2892 878 3070 959 ignis

714 975 1088 1058 vehemens,
1138 995 1224 1040 ex
1273 973 1699 1039 tabernaculo
1747 977 1996 1058 exiens,
2029 994 2308 1059 corpora
2339 975 2703 1058 devoravit,
2739 976 2852 1040 sed
2881 995 3067 1060 vasa,

715 1085 780 1142 et
824 1079 1100 1144 taberna
1114 1077 1330 1143 culum
1376 1077 1549 1142 unde
1580 1079 1825 1159 exibat,
1850 1080 2144 1142 servavit
2175 1077 2219 1141 2.
2267 1077 2652 1161 Prodigium
2677 1081 2876 1143 etiam
2905 1079 3070 1144 illud
3153 1095 3184 1139 5

445 1199 502 1256 p.
539 1185 655 1240 117.
711 1177 917 1265 *quod
964 1198 1171 1264 aquae
1218 1197 1487 1243 amarae
1535 1178 1726 1244 Mara
1773 1177 1995 1242 dulces
2053 1177 2270 1244 factae
2317 1184 2467 1242 sunt
2529 1198 2650 1263 per
2695 1178 2949 1264 lignum
2994 1184 3068 1244 in

712 1284 885 1366 ipsas
928 1283 1286 1344 immissum
1323 1282 1365 1343 ⁸.

797 1385 1000 1450 Facta
1046 1389 1197 1448 sunt
1240 1401 1403 1448 vero
1450 1383 1583 1447 alia
1608 1381 1910 1467 prodigia
1935 1402 2055 1468 per
2075 1388 2332 1448 ceteros
2362 1383 2731 1468 prophetas.
2760 1383 3062 1450 Iordanis

710 1491 884 1552 enim
932 1492 1085 1552 ante
1131 1486 1369 1550 faciem
1414 1504 1612 1550 arcae
1658 1504 2018 1550 conversus
2049 1491 2148 1549 est
2171 1492 2550 1568 retrorsum,
2586 1491 2821 1551 etcum
2848 1507 3058 1571 aquae

710 1589 1176 1655 descendentes
1236 1586 1598 1652 defecerint
1642 1594 1709 1652 et
1769 1590 2108 1671 perierint,
2159 1607 2364 1672 aquae
2413 1591 2786 1673 superiores
2840 1593 3059 1655 incre·
3119 1607 3174 1651 lo

708 1697 999 1756 mentum
1020 1708 1154 1756 non
1178 1695 1591 1774 acceperunt,
1617 1688 1752 1772 sed,
1779 1709 1926 1754 cum
1949 1687 2154 1754 fluere
2187 1689 2576 1773 destiterint,
2611 1693 2788 1757 intra
2813 1695 3062 1777 primos

709 1813 859 1859 suos
904 1791 1067 1858 fines
1114 1796 1496 1857 manserunt
1528 1791 1585 1868 ‘¹;
1634 1795 1854 1876 sicque
1901 1791 2063 1857 illud
2107 1794 2330 1856 evenit
2374 1793 2542 1876 quod
2589 1793 2760 1878 apud
2789 1814 3056 1877 manna,

708 1917 853 1962 cum
902 1901 1416 1976 mensuraretur,
1462 1893 1708 1960 factum
1755 1900 1872 1958 est.
1923 1894 2229 1977 Rursum,
2255 1898 2428 1959 muri
2459 1895 2718 1961 Iericho
2741 1896 3060 1980 clangore

707 1999 904 2063 tubae
952 2002 1343 2062 corruerunt
1376 1997 1419 2060 ⁵.
1486 1995 1870 2080 Prodigium
1930 1999 2128 2062 etiam
2190 2002 2288 2061 est
2348 1996 2473 2062 hoc
2534 1999 2864 2082 prioribus
2923 2019 3060 2063 non

707 2103 952 2164 minus:
1018 2101 1283 2182 rogavit
1342 2097 1595 2163 Gideon
1638 2103 1712 2161 ut
1759 2117 1870 2163 ros
1915 2100 1986 2162 in
2031 2098 2240 2162 vellus
2291 2103 2547 2163 tantum
2609 2098 3056 2182 descenderet,
3121 2122 3175 2165 15

706 2204 771 2263 et
816 2200 1187 2283 prodigium
1232 2197 1477 2263 factum
1510 2204 1609 2264 est
1640 2201 1807 2262 sicut
1853 2201 2166 2283 petierat3
2202 2219 2449 2282 rursus,
2485 2205 2556 2264 ut
2587 2205 3056 2285 superterram

706 2306 909 2366 totam
954 2307 1222 2386 praeter
1266 2297 1477 2364 &ellus
1538 2298 1984 2382 descenderet,
2031 2304 2098 2365 et
2157 2303 2358 2366 etiam
2406 2304 2476 2365 in
2523 2302 2646 2367 hoc
2709 2302 3058 2367 exauditus

707 2410 823 2487 est,
851 2411 915 2469 et
960 2409 1031 2469 in
1078 2411 1349 2488 utroque
1396 2423 1552 2469 casu
1600 2403 1840 2488 duplex
1871 2403 2244 2488 prodigium
2265 2403 2512 2468 factum
2543 2410 2642 2470 est
2665 2403 2714 2470 ⁶.
2745 2403 3053 2487 Rursum,

706 2507 1073 2592 prodigium
1119 2505 1245 2570 fuit
1288 2509 1429 2571 vita
1476 2506 1748 2571 Samson
1793 2509 2122 2571 nazaraei.
2171 2506 2492 2580 Quamdiu
2525 2510 2698 2571 enim
2731 2508 3057 2572 novacula

707 2629 901 2694 super
945 2615 1138 2694 caput
1184 2613 1327 2674 eius
1371 2627 1503 2674 non
1550 2608 1902 2691 descendit,
1952 2610 2207 2693 ingenti
2252 2610 2489 2674 robore
2523 2609 2857 2694 praeditus
2887 2609 3048 2686 fuit;
3110 2635 3172 2680 ρο

705 2732 849 2776 cum
898 2716 1117 2776 autem
1162 2714 1301 2775 rasi
1346 2716 1561 2776 essent
1608 2713 1826 2775 crines
1873 2713 2030 2792 eius,
2065 2714 2372 2776 continuo
2398 2710 2631 2775 debilis
2659 2716 2726 2775 et
2755 2709 3056 2776 infirmus

704 2813 915 2878 factus
946 2819 1075 2889 est;
1110 2819 1177 2877 et
1208 2816 1467 2895 iterum,
1502 2833 1652 2877 cum
1681 2815 2062 2897 inceperent
2086 2831 2404 2896 crescere,
2431 2819 2693 2878 auctum
2727 2818 2826 2878 est
2849 2813 3056 2878 robur

703 2918 861 2978 eius
911 2915 1087 2979 Vere
1135 2917 1309 2978 enim
1357 2914 1658 2978 mirabile
1707 2919 1806 2979 est
1851 2914 2020 2998 quod
2065 2919 2318 2978 tantum
2365 2915 2570 2980 robur
2613 2915 2906 2980 crinibus
2951 2917 3056 2978 in-

704 3016 909 3081 firmis
953 3019 1342 3100 iungeretur
1375 3015 1416 3078 ⁷.
1467 3015 1852 3099 Prodigium
1899 3035 2130 3080 rursus
2176 3015 2344 3101 quod
2389 3016 2640 3100 lignum
2696 3016 2844 3081 leve
2905 3017 3054 3080 sub·

702 3138 986 3183 mersum
1035 3125 1133 3183 est
1178 3118 1329 3182 dum
1374 3117 1626 3184 ferrum
1676 3137 1882 3200 grave
1930 3137 2016 3182 ex
2061 3117 2384 3202 profundo
2417 3117 2843 3183 adscenderet
2873 3119 2936 3196 ⁸3
2987 3126 3054 3184 et
3107 3139 3170 3184 25

704 3241 982 3303 rursum,
1010 3220 1177 3304 quod
1223 3220 1417 3284 Ionas
1464 3223 1533 3283 in
1578 3225 1814 3284 ventre
1862 3223 2058 3304 piscis
2087 3227 2152 3285 et
2175 3219 2498 3304 profundo
2523 3223 2728 3285 maris
2751 3227 2888 3285 tres
2911 3221 3052 3286 dies

705 3327 941 3388 mansit
973 3322 1033 3387 q:
1084 3321 1251 3407 quod
1298 3325 1559 3406 signum
1607 3325 1808 3386 etiam
1853 3323 2060 3387 verbo
2105 3322 2562 3407 Redemptoris
2607 3326 2818 3388 nostri
2854 3321 2905 3366 ¹⁰
2936 3343 3052 3408 ap-

700 3425 1009 3510 pellatum
1056 3430 1173 3490 est.
1230 3425 1615 3508 Prodigium
1676 3444 1925 3507 rursuS,
1977 3420 2146 3508 quod
2206 3423 2448 3489 flumen
2509 3425 2810 3490 Iordanis
2861 3424 3050 3490 Eliae

702 3527 900 3612 pallio
944 3528 1045 3592 bis
1091 3527 1370 3591 divisum
1418 3534 1517 3590 est
1558 3526 1626 3609 ¹¹,
1661 3531 1728 3591 et
1761 3529 1958 3592 etiam
1991 3526 2163 3610 quod
2193 3527 2434 3610 hydria
2459 3527 2746 3592 farinam
2778 3533 2842 3592 et
2873 3526 3052 3612 lecy-

703 3630 851 3694 thus
898 3629 1113 3694 oleum
1142 3649 1263 3714 per
1304 3634 1513 3692 totum
1557 3628 1754 3692 famis
1784 3634 2038 3712 tempus
2068 3628 2503 3713 suppeditavit
2541 3629 2606 3693 ¹2.
2663 3628 3049 3713 Prodigium
3109 3655 3168 3699 so

700 3735 897 3796 etiam
922 3731 1084 3796 illud
1108 3730 1275 3816 quod
1300 3749 1528 3814 aquae,
1554 3730 1691 3795 sale
1717 3733 1788 3795 in
1817 3731 2057 3795 fontem
2083 3730 2168 3796 ab
2191 3731 2410 3797 Eliseo
2441 3735 2749 3815 immisso,
2777 3737 3050 3798 sanatae

701 3840 849 3898 sunt
894 3839 959 3898 et
1007 3835 1091 3898 ab
1137 3837 1235 3898 eis
1280 3833 1569 3899 ablatum
1616 3839 1716 3898 est
1762 3833 2178 3898 maledictum
2225 3833 2392 3918 quod
2437 3835 2625 3900 Iosue
2671 3833 2847 3898 filius
2899 3834 3052 3898 Nun

431 3954 488 4012 p.
525 3941 643 3997 118.
702 3935 1018 4000 adversus
1064 3955 1178 4000 eas
1223 3935 1476 3999 locutus
1508 3940 1653 3999 erat
1691 3933 1760 3998 ¹3.
1809 3933 2230 4018 *Prodigium
2277 3937 2474 3998 etiam
2508 3934 2632 4000 hoc
2664 3935 2830 4019 quod
2864 3934 3054 3998 multi

702 4039 833 4100 viri
878 4056 963 4100 ex
1010 4038 1235 4121 paucis
1280 4037 1557 4120 panibus
1602 4043 1667 4102 et
1698 4035 2030 4102 frumento
2053 4055 2226 4101 novo
2259 4035 2700 4120 comederunt,
2728 4042 2794 4101 et
2825 4057 3054 4121 super-

788 4311 806 4342 ¹
845 4312 1031 4368 Num.
1069 4325 1217 4374 xvn.
1258 4313 1363 4366 1-8.
1402 4341 1473 4352 --
1509 4310 1531 4343 ²
1568 4311 1649 4366 Cf.
1671 4313 1874 4380 Num,
1908 4326 2036 4373 ινι,
2072 4313 2157 4366 35.
2197 4341 2264 4350 —·
2302 4310 2325 4342 ⁸
2347 4313 2478 4370 Eoe..
2514 4325 2617 4372 xv,
2649 4313 2737 4367 25.
2764 4339 2834 4352 -—
2869 4311 3054 4380 ⁴103„

699 4416 779 4459 111.
819 4401 904 4456 16.
941 4431 1009 4441 —
1046 4400 1069 4432 ⁶
1107 4401 1229 4461 los„
1269 4414 1344 4458 v1.
1395 4403 1483 4456 20.
1534 4430 1604 4440 —
1640 4400 1663 4432 ⁶
1705 4403 1859 4463 Iud..
1896 4415 1974 4463 vl,
2012 4402 2197 4455 36-40.
2239 4430 2300 4440 —
2343 4399 2362 4431 ⁷
2393 4402 2548 4462 Iud..
2585 4415 2710 4466 xvi,
2755 4403 2934 4455 17-24.
2981 4432 3050 4441 —

698 4490 718 4520 ⁸
746 4493 815 4546 lV
842 4493 999 4559 Rey„
1025 4503 1105 4551 v1‚
1128 4489 1237 4542 6-7.
1277 4518 1348 4528 -
1382 4487 1406 4520 ⁹
1444 4489 1581 4551 lou..
1618 4503 1678 4549 11.
1710 4493 1755 4544 1.
1803 4519 1861 4528 —
1904 4491 1945 4523 ¹⁰
1984 4491 2243 4556 Mum„
2269 4502 2372 4550 111,
2396 4489 2481 4543 39.
2521 4519 2592 4528 -
2633 4489 2672 4521 ¹²
2702 4488 2777 4544 IV
2802 4492 2968 4560 Rea,
2989 4505 3050 4559 11,

700 4579 750 4639 8,
794 4579 874 4634 14.
899 4607 969 4618 —-
1008 4577 1051 4608 ¹²
1078 4577 1142 4632 111
1168 4579 1325 4647 Rea..
1348 4591 1494 4639 xv11.
1524 4579 1606 4632 14.
1646 4607 1715 4617 —-
1757 4577 1800 4608 ¹⁸
1835 4575 1906 4634 IV
1934 4580 2090 4648 Rea..
2117 4593 2175 4638 u.
2213 4581 2314 4641 213
2357 4577 2426 4632 cf.
2461 4579 2586 4643 Ios..
2623 4591 2702 4633 vl.
