3400 5642
1729 523 1844 609 4⁴(
1894 522 1938 587 2
1988 524 2102 610 >³⁵-

846 669 1338 763 Episcopatum
1393 672 1708 765 adeptus,
1768 682 1949 745 totus
2007 674 2075 743 in
2115 674 2185 744 id
2242 674 2550 745 inrubuit
2590 685 2662 746 ut
2706 677 3089 749 doctrinam

739 786 1046 859 henotici
1101 792 1555 879 confirmaret,
1615 792 1981 863 concilium
2056 792 2619 869 Chalrffllonense
2694 796 3083 889 abrogaret,

737 908 1159 980 orthodoxos
1186 920 1737 1004 persequeretur,
1781 912 2173 985 faventibus
2219 914 2424 984 Petro
2462 914 2759 987 Fullone
2796 916 3086 1012 eiusque

739 1050 1144 1100 successore
1199 1030 1539 1101 Palladio
1602 1031 1777 1102 Cum
1833 1042 2063 1105 autem
2118 1033 2503 1105 Flavianus
2560 1036 2617 1105 II
2675 1036 2745 1105 in
2781 1037 3087 1108 Palladii

742 1149 970 1219 locum
1009 1150 1441 1227 substitutus,
1501 1174 1680 1225 anno
1722 1153 1898 1233 498,
1959 1176 2215 1247 spem
2190 1154 2835 1249 NIonophysitarum
2882 1158 3085 1229 fefel-

737 1269 1004 1377 lisseq·
986 1257 1205 1372 ‚sumi
1247 1272 1602 1362 exagitare
1678 1273 1901 1366 eoepit
1962 1273 2433 1361 Philoxenus;
2509 1298 2687 1345 anno
2754 1276 2931 1356 499,
3011 1286 3087 1347 ut

381 1480 397 1498 .
455 1480 475 1497 ·
507 1478 525 1495 ο
555 1358 1066 1521 ⁰:⁰···v1detur
1062 1381 1354 1482 Urbem
1410 1393 1674 1483 regiam
1732 1392 1924 1486 petiit
1980 1402 2053 1463 ut
2114 1395 2562 1465 Amstasium
2604 1396 3082 1489 imperatorem

361 1511 380 1529 ·
396 1514 427 1562 ‘-
457 1512 476 1560 2
508 1496 573 1572 ’.Ξ
585 1510 604 1559 ²
631 1470 1114 1590 Σέξλίΐνῒξῐειιὲ
1109 1495 1427 1604 patri‘ar(
1430 1513 1594 1584 ham
1650 1536 1685 1581 (
1689 1514 2040 1584 oncitaret.

833 1630 1116 1701 Bellum
1171 1634 1542 1725 persicum,
1578 1633 1840 1703 annis
1820 1632 2005 1703 502-
2011 1632 2167 1703 505
2198 1641 2495 1724 gestum,
2527 1634 2833 1705 animum
2862 1636 3083 1729 impe-

725 1753 977 1825 ratoris
1035 1776 1074 1822 a
1130 1753 1542 1843 dogmaticis
1615 1754 2235 1848 disquisitionibus,
2294 1755 2684 1847 paullulum
2759 1754 3040 1828 divertit
3060 1782 3077 1846 3

729 1875 876 1959 sed,
910 1872 1118 1943 rebus
1158 1873 1574 1966 compositis,
1612 1873 1860 1944 iterum
1898 1873 2553 1966 Constantinopolim
2591 1877 2938 1967 profectus
2974 1885 3082 1948 est

729 1994 1161 2063 Philoxenus
1215 2000 1284 2061 et
1337 1992 1786 2065 Anastasium
1840 1992 1935 2063 ita
1966 1993 2355 2072 commovit,
2399 2002 2472 2063 ut
2508 1994 2894 2065 Flavianus
2956 1994 3084 2066 he-

727 2112 956 2185 notico
1016 2114 1262 2185 iterum
1320 2113 1779 2190 subscribere,
1840 2113 2200 2206 episcopos
2256 2114 2625 2184 nonnullos
2678 2115 3081 2185 nominatim

727 2234 1331 2314 anathematizare,
1375 2233 1742 2304 concilium
1780 2233 2345 2305 Chalcedonense
2394 2234 2759 2327 reprobare
2800 2243 3080 2306 coactus

728 2362 865 2441 est3
898 2352 1147 2450 quibus
1185 2363 1414 2424 tamen
1450 2354 1768 2446 peractis,
1803 2353 2037 2423 odium
2068 2353 2437 2424 Philoxeni
2470 2354 2746 2424 minime
2776 2355 3082 2447 placavit

727 2496 949 2568 neque
1007 2474 1066 2544 is
1127 2475 1430 2569 requiem
1487 2472 1729 2543 habuit
1784 2475 2001 2544 donec
2058 2474 2464 2561 Flavianus,
2498 2496 2537 2544 e
2566 2474 2733 2543 sede
2790 2474 3077 2551 eiectus,

727 2598 970 2668 Petras
1026 2598 1380 2688 relegatus
1436 2604 1562 2673 est,
1605 2619 1789 2666 anno
1830 2595 2007 2666 512.
2044 2596 2473 2667 Philoxenus
2502 2606 2729 2667 autem
2769 2606 2837 2667 et
2872 2599 3081 2669 amici

729 2718 880 2788 eius
936 2718 1240 2811 episcopi
1317 2717 1466 2787 sine
1543 2738 1735 2785 mora
1810 2716 2268 2809 patriarcham
2326 2717 2831 2787 Antioohenum
2887 2718 3082 2789 insti-

725 2844 1003 2908 tuerunt
1056 2839 1396 2908 famosum
1453 2838 1580 2906 Sex·
1594 2858 1811 2907 erum.

833 2957 1033 3026 Anno
1109 2956 1287 3043 518,
1351 2964 1615 3025 mortuo
1695 2955 2086 3032 Anastasio,
2146 2955 2446 3025 Iustinus
2504 2956 2552 3039 I,
2622 2955 3075 3045 orthodoxuS,

729 3077 1092 3168 imperium
1148 3076 1456 3146 obtinuit.
1493 3076 1692 3145 Anno
1750 3076 2084 3170 sequenti,
2128 3076 2495 3169 plerosque
2532 3076 2890 3168 episc-opos
2929 3078 3079 3145 Mo-

726 3196 1134 3289 nophysitae
1166 3196 1514 3265 doctrinae
1543 3196 1848 3266 fautores
1886 3196 2283 3265 inexilium
2320 3196 2606 3288 expulit,
2646 3204 2717 3267 et
2744 3197 2919 3268 inter
2955 3218 3079 3268 eos

727 3316 1211 3386 Philoxenum.
1274 3316 1338 3385 Is
1376 3338 1544 3386 vero
1573 3315 1872 3408 primum
1901 3315 2437 3409 Philippopolim
2470 3316 2539 3384 in
2578 3316 2817 3387 urbem
2856 3317 3077 3387 Thra-

730 3437 876 3507 ciae
936 3436 1330 3529 deportatus
1386 3444 1512 3513 est,
1574 3436 1756 3504 unde
1813 3458 1990 3505 anno
2048 3434 2203 3504 522
2268 3435 2636 3527 epistulam
2676 3436 2951 3529 scripsit
2986 3439 3076 3508 ad

730 3557 1102 3627 monac-hos
1133 3558 1593 3627 Senunenses.
1636 3556 1850 3626 Brevi
1888 3564 2060 3648 post,
2102 3555 2387 3645 Gangra
2418 3556 2486 3624 in
2524 3556 3078 3648 Paphlagoniam

715 3675 1104 3745 translatus
1159 3685 1284 3758 est,
1344 3675 1574 3769 ibique
1631 3675 1821 3745 fumo
1878 3676 2256 3745 suffocatus
2313 3674 2587 3758 interiit,
2648 3698 2825 3745 anno
2892 3676 3073 3755 523,

713 3802 947 3866 'annos
1003 3804 1205 3867 natus
1262 3796 1420 3889 plus
1477 3818 1682 3889 quam
1740 3796 2107 3886 ortoginta.

1870 4009 1929 4079 ΙΙ

837 4154 1207 4225 Philoxeni
1261 4176 1469 4247 opera
1525 4156 1804 4248 saepius
1861 4178 1902 4225 a
1958 4156 2104 4226 suis
2160 4155 2668 4248 Monophysitis
2733 4156 3078 4248 descripta

733 4298 889 4346 esse
946 4282 1155 4346 testes
1210 4283 1370 4345 sunt
1424 4276 1621 4345 multi
1677 4276 1951 4346 codices
2008 4275 2077 4344 in
2134 4274 2383 4369 quibus
2440 4275 2527 4344 ad
2574 4296 2701 4345 nos
2736 4297 3079 4368 pervene—

728 4404 908 4470 runt.
969 4396 1100 4465 etsi
1156 4418 1290 4465 non
1355 4395 1604 4483 omnia,
1667 4396 1912 4466 saltem
1969 4418 2207 4465 eorum
2263 4402 2493 4487 partes
2560 4394 2922 4467 maximae.
2984 4395 3077 4467 Ei

729 4519 1216 4591 adscribuntur
1237 4544 1250 4587 :
