3400 5642
1698 513 2106 600 -κζῦδὶκ-

732 663 967 744 siones,
1016 665 1081 725 et
1126 663 1196 724 in
1242 660 1421 724 omni
1464 656 1846 723 infirmitate
1893 657 2104 724 factus
2135 679 2194 724 ».
2243 657 2372 726 Sed
2417 665 2482 724 et
2527 658 2768 726 Paulus
2821 658 3076 746 praedi.

734 772 839 830 cat
884 761 1333 830 fortitudinem
1380 763 1521 824 eius
1566 764 1952 845 praesertim
2000 763 2070 824 in
2115 764 2260 826 istis
2305 761 2792 829 manifestatam
2843 767 3070 850 fuisse;

735 869 827 934 ait
874 869 1049 932 enim
1088 863 1169 930 de
1200 883 1281 929 ea
1319 863 1371 928 ¹:
1414 885 1449 926 α
1482 862 1838 929 Infirmitas
1869 864 1986 928 Dei
2015 863 2254 929 fortior
2283 869 2382 930 est
2412 865 2786 932 hominibus
2817 891 2878 935 ›.
2919 873 3077 941 For-

732 971 867 1034 tior
908 974 1005 1034 est
1050 987 1184 1032 non
1230 966 1441 1032 solum
1484 971 1726 1032 natura
1773 972 1838 1031 et
1883 970 2126 1032 virtute
2173 967 2528 1050 hominum,
2561 969 2678 1034 sed
2707 975 2908 1039 etiam
2945 976 3078 1042 for-

500 1091 557 1149 p.
590 1077 678 1132 68.
734 1073 865 1136 tior
886 1090 1077 1155 quam
1110 1089 1338 1134 eorum
1369 1070 1643 1134 scientia
1675 1071 1932 1152 assequi
1963 1071 2182 1153 possit.
2209 1066 2392 1140 Quod
2417 1071 2474 1134 si
2503 1067 2854 1139 infirmitas
2875 1073 3076 1161 *quae
3149 1079 3174 1124 ⁵

734 1175 1172 1238 exinanitioni
1218 1174 1361 1236 eius
1412 1169 1717 1234 inhaeret
1769 1169 2448 1253 incomprehensibilis
2497 1173 2602 1252 sit,
2657 1175 2800 1256 quis
2843 1180 3079 1259 poterit

734 1271 1182 1341 fortitudinem
1228 1293 1355 1357 qua
1402 1273 1686 1336 essentia
1733 1271 1932 1356 pollet
1977 1270 2575 1355 comprehendere?

822 1377 966 1443 Non
1014 1379 1190 1441 enim
1234 1379 1484 1440 mutata
1531 1379 1629 1438 est
1674 1374 1796 1439 Dei
1856 1375 2142 1438 essentia
2173 1376 2244 1437 in
2291 1394 2328 1436 ‹
2361 1371 2509 1440 fieri
2531 1395 2594 1458 »,
2625 1397 2750 1443 nec
2798 1400 2836 1443 ‹
2869 1378 3018 1445 fieri
3039 1401 3072 1444 »

735 1483 879 1544 eius
920 1481 992 1543 in
1038 1480 1389 1542 essentiam
1450 1478 1593 1542 eius
1652 1495 2044 1541 conversum
2105 1481 2236 1552 est;
2301 1477 2416 1542 sed
2477 1479 2688 1562 quoad
2731 1485 3074 1567 utrumque

738 1579 1161 1646 immutabilis
1205 1580 1582 1663 permansit.
1632 1577 1772 1643 Hoc
1817 1581 1993 1642 enim
2038 1583 2318 1644 naturae
2343 1579 2462 1644 Dei
2491 1582 2662 1644 inest
2687 1585 2754 1645 et
2777 1587 3078 1667 congruit
3130 1585 3180 1632 1⁰

736 1681 921 1767 quod,
970 1701 1367 1766 quocumque
1415 1683 1519 1762 sit,
1566 1682 1710 1745 sive
1757 1683 1828 1745 in
1872 1680 2034 1745 locis
2078 1686 2556 1764 creaturarum,
2603 1685 2744 1747 sive
2801 1687 2872 1748 in
2923 1685 3080 1751 locis

735 1787 1224 1868 cogitationum,
1272 1785 1413 1847 sive
1460 1785 1529 1846 in
1576 1782 1836 1847 mundis
1881 1785 2235 1867 corporeiS,
2285 1785 2426 1847 sive
2472 1786 2544 1847 in
2589 1787 2686 1848 eis
2731 1788 2842 1869 qui
2887 1807 3081 1872 supra

738 1905 1015 1970 corpora
1082 1890 1251 1967 sunt,
1310 1889 1607 1949 remanet
1674 1884 1745 1948 id
1806 1884 1974 1968 quod
2035 1889 2151 1948 est.
2217 1883 2288 1948 Si
2349 1889 2568 1949 autem
2629 1887 2893 1952 modum
2963 1909 3080 1972 quo

741 2008 776 2051 ε(
808 1987 1021 2052 factus
1067 1993 1163 2052 est
1213 2008 1249 2051 »
1315 1989 1598 2052 scrutari
1644 1985 1954 2070 volueris,
2003 1990 2226 2053 statim
2288 1986 2785 2071 respondebitur
2835 1991 2960 2054 tibi
3007 2009 3082 2056 ea

737 2092 994 2154 ratione
1056 2109 1182 2172 qua
1246 2087 1491 2154 dictum
1550 2093 1649 2152 est
1713 2087 1793 2152 de
1857 2091 2144 2153 essentia
2193 2110 2230 2152 ‹
2263 2093 2364 2153 est
2407 2091 2601 2154 sicuti
2645 2094 2746 2154 est
2792 2112 2850 2155 ».
2901 2092 2984 2156 Et
3029 2094 3082 2156 si
3132 2099 3181 2142 ²5

737 2190 917 2255 dicas
978 2210 1014 2253 ‹
1048 2211 1191 2254 esse
1224 2211 1260 2254 »
1326 2189 1790 2274 inexplicabile
1855 2192 2006 2274 quia
2067 2188 2152 2254 ad
2211 2194 2516 2254 naturam
2579 2192 2722 2255 eius
2781 2195 3078 2276 pertinet,

735 2292 857 2356 tibi
902 2292 1159 2356 dicetur
1206 2313 1243 2355 «
1274 2290 1421 2356 fieri
1452 2311 1489 2354 ›
1540 2294 1684 2356 eius
1729 2288 2387 2375 incomprehensibile
2433 2311 2596 2374 esse,
2645 2294 2797 2376 quia
2830 2293 2916 2358 ad
2945 2296 3080 2358 eius

738 2394 1141 2459 voluntatem
1188 2398 1453 2476 spectat.
1505 2393 1608 2457 Ad
1652 2394 1828 2457 hanc
1889 2396 2064 2458 enim
2125 2397 2451 2476 naturam,
2507 2396 2690 2458 cuius
2749 2395 3081 2460 naturalia

736 2496 1227 2580 inexplicabilia
1272 2501 1439 2579 sunt,
1488 2499 1775 2581 pertinet
1820 2499 2018 2561 etiam
2065 2495 2181 2560 illa
2227 2495 2532 2561 voluntas
2576 2499 2760 2561 cuius
2796 2518 2833 2561 <4
2867 2496 3014 2562 fieri
3041 2518 3077 2562 >

738 2597 1395 2683 incomprehensibile
1456 2603 1572 2662 est.
1639 2597 1958 2664 Naturam
2021 2616 2185 2680 ergo
2245 2597 2708 2682 contemplare,
2757 2605 2825 2663 et
2871 2619 2958 2663 ex
3003 2619 3083 2664 ea
3133 2612 3187 2656 ²⁰

736 2701 1141 2766 voluntatem
1186 2704 1328 2766 eius
1374 2700 1569 2784 disce,
1618 2707 1683 2765 et
1731 2701 1810 2765 de
1856 2705 2132 2784 utraque
2181 2719 2382 2764 unam
2429 2703 2894 2784 cogitationem
2927 2705 2996 2766 in
3019 2708 3082 2766 te

737 2803 1002 2869 habeas,
1052 2803 1221 2886 Noli,
1270 2808 1537 2888 propter
1593 2806 1898 2868 timorem
1957 2803 2240 2885 solitum,
2289 2822 2370 2868 ea
2417 2823 2580 2886 quae
2629 2802 2712 2868 ad
2778 2810 3084 2868 naturam

738 2912 1033 2991 spectant
1078 2908 1312 2989 vitare,
1360 2926 1502 2989 nec,
1550 2913 1818 2991 propter
1863 2906 2208 2971 audaciam
2253 2925 2418 2990 quae
2465 2925 2928 2990 nonnunquam
2975 2906 3088 2972 do-

740 3010 1047 3091 minatur,
1096 3028 1175 3073 ea
1223 3028 1386 3093 quae
1434 3014 1581 3073 sunt
1628 3009 1986 3074 voluntatis
2017 3007 2313 3092 aggredi.
2355 3007 2528 3072 Olim
2573 3011 2750 3073 enim
2795 3028 2876 3073 ea
2923 3027 3088 3092 quae

740 3106 824 3172 ad
868 3115 1174 3174 naturam
1222 3115 1515 3194 spectant
1562 3110 1822 3194 quidam
1869 3113 2144 3174 scrutati
2187 3115 2357 3192 sunt,
2405 3117 2471 3175 et
2517 3129 2774 3176 omnem
2819 3113 3088 3194 inquisi-
3139 3119 3192 3164 23

741 3213 983 3275 tionem
1031 3218 1095 3276 et
1141 3215 1718 3297 investigationem
1765 3219 1832 3277 et
1877 3233 2264 3295 sermonem,
2299 3215 2370 3276 in
2403 3233 2528 3296 quo
2557 3212 2782 3276 verbis
2834 3212 3090 3278 callidis

739 3315 837 3376 uti
881 3314 1197 3397 solebant,
1246 3314 1325 3380 de
1374 3317 1471 3379 eis
1515 3319 1896 3390 moverunt;
1947 3333 2111 3399 quae
2159 3334 2306 3379 cum
2353 3313 2909 3398 comprehendere
2956 3334 3090 3379 non

738 3419 1114 3501 potuissent,
1134 3415 1377 3481 devicti
1420 3421 1786 3482 tacuerunt.
1821 3416 2012 3498 Ecce,
2037 3419 2108 3479 in
2128 3416 2534 3500 temporibus
2557 3417 2860 3499 antiquis,
2893 3413 3090 3480 Aria-

738 3522 826 3602 ni,
873 3519 1169 3603 linguam
1216 3539 1403 3584 suam
1448 3519 1527 3584 de
1574 3524 1815 3583 natura
1863 3518 2088 3582 divina
2134 3524 2199 3582 et
2245 3520 2531 3582 essentia
2577 3518 2696 3582 Dei
2749 3523 2816 3582 et
2866 3519 3088 3582 Patris

738 3620 1179 3704 retundentes,
1240 3624 1410 3685 scire
1470 3621 1820 3685 voluerunt
1883 3619 2198 3704 quomodo
2245 3639 2332 3684 ex
2383 3623 2624 3684 natura
2671 3638 2791 3683 sua
2838 3619 3078 3683 Filium
3132 3633 3185 3678 30

743 3726 1061 3806 genuerit.
1112 3723 1194 3786 Et
1241 3726 1392 3807 quia
1438 3729 1677 3788 natura
1726 3725 2048 3787 essentiae
2095 3722 2375 3807 simplex
2420 3728 2518 3787 est
2549 3727 2616 3786 et
2645 3721 3088 3804 indivisibiliS,

742 3825 1048 3888 arbitrati
1094 3829 1243 3888 sunt
1287 3827 1726 3910 incongruum
1771 3824 1938 3909 quod
1985 3824 2330 3889 credamus
2353 3825 2557 3888 Deum
2581 3843 2668 3888 ex
2699 3829 2938 3888 natura
2971 3843 3090 3888 sua

741 3927 979 3990 Filium
1042 3931 1364 4011 genuisse,
1426 3948 1511 3992 ne
1575 3926 1814 3992 exinde
1878 3928 2048 3991 Deus
2109 3927 2458 3992 divisibilis
2503 3931 2570 3991 et
2623 3927 3093 3991 mutationibus

741 4029 1046 4094 humanis
1092 4030 1418 4095 subiectus
1464 4033 1859 4094 inveniatur.
1909 4029 2074 4093 Cum
2119 4035 2358 4111 autem,
2409 4029 2492 4094 ob
2538 4032 2842 4094 timorem
2867 4033 3089 4094 aucto-

741 4134 958 4197 ritatis
1003 4132 1111 4196 vel
1158 4133 1467 4216 pudorem
1515 4132 1796 4215 solitum,
1843 4135 1956 4197 via
2003 4131 2458 4216 disputationis
2481 4131 2561 4196 de
2592 4137 2832 4196 natura
2863 4131 3088 4196 clausa
3143 4148 3196 4193 35

507 4259 565 4316 p.
597 4245 683 4300 69.
739 4233 959 4318 fuerit,
1007 4235 1181 4299 *tum
1242 4234 1520 4299 audacia
1566 4255 1635 4298 se
1682 4237 1884 4300 vertit
1931 4233 2014 4299 ad
2061 4254 2141 4299 ea
2202 4254 2368 4318 quae
2415 4239 2564 4298 sunt
2619 4232 2979 4298 voluntatis
3023 4238 3090 4297 et

742 4336 825 4401 ab
872 4337 1002 4401 illis
1049 4357 1211 4421 quae
1260 4336 1343 4401 ad
1388 4343 1693 4402 naturam
1742 4339 2071 4421 pertinent
2117 4339 2417 4402 cessavit.
2470 4337 2638 4402 Dicit
2692 4338 2868 4402 enim
2923 4335 3088 4400 haec

832 4559 851 4590 ¹
892 4559 911 4612 1
952 4561 1098 4623 Cor„
1137 4573 1174 4625 1,
1211 4559 1303 4611 25.
