3400 5642
225 1576 281 1622 10

225 2092 280 2137 15

1305 502 1422 590 44(
1473 504 1561 566 70
1611 504 1727 590 >x—

339 664 478 707 sum
530 646 900 709 exinanivit
945 649 1011 709 et
1056 643 1337 709 formam
1381 647 1601 708 servi.
1631 694 1646 708 .
1676 695 1690 709 .
1728 643 1833 721 ¹»,
1884 649 2100 729 coegit
2147 666 2295 711 eum
2326 646 2393 711 id
2424 645 2688 723 facere;

337 763 495 809 nam
542 746 1059 810 exinanitionem
1089 765 1223 809 non
1254 748 1518 811 vocavit
1548 748 1771 811 carnis
1803 748 2329 831 assumptionem,
2378 747 2493 813 sed
2531 748 2693 812 illud

339 847 508 933 quod
555 848 726 912 Deus
757 868 826 912 se
858 848 1232 913 humiliavit
1261 853 1334 912 ut
1365 868 1631 915 carnem
1679 848 2035 913 humanam
2068 855 2451 934 assumeret,
2501 870 2688 934 quam

336 954 408 1015 in
455 970 574 1015 sua
620 969 900 1034 persona
932 949 1396 1015 manifestavit.
1432 950 1715 1034 Etenim,
1742 954 1799 1015 si
1846 952 2017 1016 Deus
2050 971 2183 1017 non
2215 955 2396 1037 prius
2442 973 2511 1017 se
2551 956 2696 1017 exi-

335 1055 633 1118 nanisset
679 1072 870 1136 quam
932 1072 1168 1137 corpus
1212 1060 1517 1135 sumeret,
1581 1056 1967 1137 sequeretur
2028 1074 2177 1119 eum
2236 1052 2472 1119 fecisse
2520 1074 2695 1119 nunc

333 1153 507 1239 quod
536 1156 796 1239 saepius
817 1153 993 1236 fecit,
1027 1158 1179 1239 quia
1209 1154 1504 1238 singulos
1534 1155 1905 1240 prophetaS,
1940 1154 2203 1221 diverso
2248 1156 2460 1239 modo,
2495 1154 2580 1221 ad
2627 1156 2696 1220 id

333 1256 506 1342 quod
537 1257 663 1321 sibi
693 1256 938 1342 placuit
968 1259 1348 1342 assumpsit;
1384 1260 1613 1343 prim0,
1647 1257 1942 1343 Moysen,
1975 1257 2210 1323 deinde
2251 1259 2439 1325 Iosue
2486 1257 2693 1323 filium

335 1360 508 1443 Nun,
534 1364 600 1424 et
623 1358 852 1443 David,
878 1364 944 1425 et
967 1358 1202 1443 Eliam,
1229 1364 1294 1424 et
1317 1360 1626 1443 Eliseum,
1653 1364 1719 1425 et
1743 1360 2111 1444 Ieremiam‚
2138 1365 2205 1426 et
2226 1360 2393 1426 alios
2417 1361 2695 1446 prophe-

336 1466 462 1544 tas,
489 1466 554 1526 et
583 1461 945 1526 Iohannem
974 1461 1353 1547 Baptistam.
1387 1462 1522 1527 Hos
1553 1483 1798 1546 omneS,
1831 1466 1903 1527 ut
1926 1466 2236 1548 scriptum
2260 1469 2378 1546 est,
2398 1464 2567 1528 Deus
2592 1483 2696 1528 as-

337 1564 614 1649 sumpsit
635 1570 700 1628 et
723 1564 1105 1648 segregavit
1122 1563 1205 1629 ad
1221 1584 1498 1629 munera
1521 1564 1787 1630 diversa
1812 1585 1976 1648 quae
2001 1564 2085 1629 ad
2108 1565 2384 1629 salutem
2400 1571 2695 1630 nostram

337 1664 740 1752 spectabant.
773 1667 1116 1732 Ieremiam
1153 1665 1236 1731 ab
1267 1672 1454 1731 utero
1487 1666 1921 1732 sanctificavit
1962 1672 2027 1732 et
2059 1668 2286 1753 elegit3
2335 1668 2695 1733 Iohannem

335 1770 718 1853 Baptistam,
765 1772 884 1832 vix
930 1788 1049 1833 sex
1095 1788 1351 1834 menses
1397 1774 1795 1853 conceptum,
1838 1768 2116 1855 Spiritus
2162 1775 2426 1835 sanctus
2472 1770 2697 1855 imple-

337 1875 457 1955 vit,
506 1875 571 1936 et
631 1871 974 1955 Apostolos
1035 1873 1233 1935 etiam
1297 1876 1447 1935 ante
1505 1873 1905 1938 creationem
1968 1871 2192 1936 mundi
2254 1872 2474 1956 elegit,
2530 1874 2697 1936 sicut

335 1976 478 2058 ipse
525 1974 622 2037 eis
667 1972 836 2037 dixit
855 1972 920 2037 2:
960 1992 996 2035 ‹
1042 1972 1180 2037 Vos
1211 1973 1375 2037 mihi
1422 1973 1614 2038 electi
1645 1974 1803 2038 estis
1834 1978 1988 2038 ante
2021 1973 2246 2038 mundi
2293 1972 2697 2039 constitutio-

336 2095 492 2140 nem
524 2094 583 2139 ».
618 2074 780 2138 Cum
812 2074 1100 2139 nondum
1132 2080 1394 2140 creatus
1434 2080 1605 2140 esset
1637 2074 1916 2139 mundus
1944 2081 2172 2141 noster
2202 2096 2286 2141 ex
2333 2096 2456 2159 quo
2502 2075 2699 2140 electi

337 2182 510 2258 sunt,
573 2176 641 2259 ii,
690 2178 800 2259 qui
845 2194 931 2239 ex
992 2194 1072 2240 eo
1116 2175 1409 2260 eligendi
1469 2181 1680 2259 erant,
1746 2176 1927 2261 prius
1990 2178 2329 2260 segregati
2390 2181 2580 2241 erant
2626 2179 2694 2239 in

337 2284 558 2343 mente
606 2280 748 2342 eius
793 2280 902 2361 qui
947 2297 1061 2343 eos
1103 2274 1225 2341 *ad
1272 2298 1508 2342 munus
1546 2277 1950 2363 apostolatus
1994 2278 2214 2363 elegit.
2262 2277 2430 2343 Illud
2476 2282 2696 2343 autem
2791 2331 2806 2345 .

342 2401 384 2445 ‹
410 2380 603 2445 electi
633 2388 887 2444 erant»
920 2380 1090 2444 nihil
1121 2379 1300 2444 aliud
1332 2379 1659 2464 significat
1683 2400 1880 2465 quam
1914 2400 1951 2444 «
1979 2383 2291 2466 assumpti
2320 2387 2514 2446 erant
2539 2402 2599 2463 ³»,
2626 2388 2697 2445 ut

337 2481 614 2547 evidens
661 2488 790 2558 est;
827 2480 940 2545 sed
985 2502 1135 2546 cum
1177 2482 1349 2545 Deus
1381 2502 1493 2547 eos
1540 2482 1789 2547 aliosve
1824 2482 2044 2567 elegit,
2078 2502 2210 2546 non
2249 2482 2459 2548 dictus
2498 2488 2595 2547 est
2627 2503 2697 2547 se

336 2586 720 2649 exinanisse
744 2588 858 2647 aut
889 2603 1157 2647 carnem
1187 2582 1432 2648 factum
1464 2602 1644 2660 esse3
1680 2583 1795 2649 sed
1827 2584 1954 2666 hic,
1980 2583 2150 2669 apud
2180 2585 2527 2668 Virginem
2550 2590 2698 2649 tan-

334 2691 497 2768 tum,
544 2684 790 2749 Paulus
837 2684 1004 2750 dixit
1053 2705 1202 2749 eum
1249 2705 1318 2749 se
1367 2687 1743 2751 exinanisse
1792 2692 1859 2751 et
1902 2685 2185 2751 formam
2229 2689 2409 2750 servi
2447 2706 2702 2750 assum-

336 2790 564 2873 psisse.
593 2786 887 2871 Servum,
913 2787 1184 2853 evidens
1217 2793 1332 2871 est,
1359 2792 1554 2853 vocat
1585 2793 1893 2852 naturam
1926 2788 2299 2871 humanam,
2326 2793 2391 2852 et
2414 2788 2696 2853 formam

338 2894 523 2956 servi
575 2896 768 2956 vocat
815 2894 1094 2977 speciem
1143 2896 1208 2955 et
1255 2891 1548 2955 habitum
1595 2897 1660 2955 et
1708 2890 2082 2975 adspectum
2127 2891 2485 2956 humanum
2532 2910 2697 2976 quae

337 2995 412 3057 in
443 3013 824 3077 unoquoque
855 2998 1152 3057 nostrum
1185 2998 1352 3076 sunt,
1387 3013 1551 3077 quae
1575 2992 1898 3076 Christus,
1932 2993 2051 3057 Dei
2079 2992 2314 3076 forma,
2349 2993 2474 3056 sibi
2528 3013 2701 3056 sum-

338 3098 489 3179 psit,
538 3115 685 3159 cum
729 3093 942 3160 factus
989 3099 1088 3159 est
1117 3095 1306 3159 nobis
1337 3094 1568 3159 similis
1613 3098 1684 3158 in
1723 3096 2023 3160 omnibus
2045 3101 2311 3180 praeter
2340 3102 2694 3180 peccatum.

338 3196 507 3261 Nam
556 3200 613 3261 si
667 3196 998 3261 hominem
1060 3199 1241 3281 prius
1304 3200 1372 3260 in
1431 3197 1713 3281 Virgine
1776 3198 1900 3261 sibi
1944 3196 2365 3263 formavisset
2425 3217 2698 3282 eumque

339 3302 815 3385 assumpsisset,
863 3302 1030 3363 sicut
1075 3299 1424 3363 Ieremiam
1472 3306 1585 3365 aut
1629 3320 1832 3364 unum
1879 3320 1965 3364 ex
2013 3299 2163 3365 aliis
2208 3302 2368 3383 istis,
2414 3300 2585 3363 nihil
2629 3304 2695 3363 in

341 3400 450 3465 his
495 3402 860 3466 actionibus
904 3399 1276 3464 mirandum
1316 3406 1504 3465 esset.
1553 3399 1739 3473 Quod
1770 3404 1826 3465 si
1873 3402 1958 3465 ab
2003 3404 2145 3465 istis
2176 3398 2438 3465 differre
2472 3404 2700 3465 existi-

339 3507 563 3567 matur
608 3502 776 3587 quod
821 3507 1170 3587 conceptus
1235 3507 1300 3566 et
1343 3507 1538 3567 natus
1598 3506 1682 3567 sit
1730 3503 1971 3588 absque
2004 3505 2329 3587 coniugio,
2363 3522 2535 3585 ecce,
2577 3522 2701 3567 nec

342 3605 634 3670 Adamus
677 3625 801 3670 nec
831 3605 972 3669 Eva
1005 3608 1313 3689 coniugio
1349 3604 1510 3670 facti
1548 3611 1734 3681 sunt3
1766 3606 1881 3670 sed
1912 3604 2202 3670 Adamus
2248 3605 2569 3669 formatus
2602 3612 2701 3669 est

343 3708 424 3773 de
470 3708 628 3773 limo
674 3713 915 3791 terrae,
943 3712 1007 3772 et
1053 3707 1196 3771 Eva
1243 3707 1322 3773 de
1374 3712 1554 3773 costa
1587 3713 1917 3793 assumpta
1965 3713 2063 3773 est
2110 3706 2193 3772 ad
2239 3710 2479 3784 vitam3
2531 3714 2703 3773 atta-

340 3831 493 3876 men
539 3830 686 3875 cum
731 3810 1022 3875 Adamus
1073 3809 1152 3874 de
1184 3815 1368 3875 terra
1399 3816 1789 3893 sumeretur,
1832 3830 1967 3875 non
1998 3813 2309 3895 scriptum
2358 3814 2457 3874 est
2496 3811 2701 3875 Deum

338 3912 587 3980 factum
633 3932 774 3977 esse
821 3912 1173 3996 bominem,
1208 3932 1351 3996 nec,
1386 3932 1533 3977 cum
1563 3913 1707 3977 Eva
1754 3933 1839 3977 ex
1885 3914 2095 3979 latere
2128 3916 2271 3977 eius
2308 3920 2697 3997 sumeretur,

339 4016 436 4080 ibi
479 4013 721 4080 dictum
769 4020 867 4079 est
911 4013 1205 4079 Verbum
1270 4013 1516 4079 factum
1563 4035 1707 4080 esse
1769 4034 2057 4080 carnem.
2108 4012 2177 4079 Si
2238 4016 2404 4079 haec
2450 4019 2703 4079 creatio

341 4119 849 4201 assumptionem
895 4114 1323 4200 significaret,
1373 4136 1491 4200 pro
1538 4114 1664 4181 hoc
1739 4137 1776 4180 ‹<
1806 4115 2020 4181 factus
2065 4119 2164 4180 est
2197 4138 2257 4199 »,
2304 4116 2467 4180 illud
2527 4136 2563 4179 ‹
2597 4136 2700 4180 as-

433 4270 453 4304 ¹
480 4270 718 4343 Aliquot
751 4286 928 4327 voces
963 4271 1252 4327 excidisse
1301 4271 1596 4327 videntur.
1622 4274 1911 4343 Expectes
1955 4273 2280 4329 huiusmodi
2318 4272 2708 4329 locutionem:

341 4362 540 4417 Posuit
575 4360 829 4432 primum
879 4359 1025 4417 illud
1083 4379 1114 4412 α
1141 4361 1400 4431 seipsum
1449 4361 1830 4415 exinanivit»
1881 4367 1942 4416 et
1981 4362 2186 4418 deinde
2228 4364 2339 4419 hoc
2392 4382 2424 4417 α
2451 4363 2701 4419 sormam

343 4450 502 4505 servi
546 4450 770 4519 accepit
810 4467 860 4513 »,
897 4457 956 4505 et
999 4464 1093 4505 res
1143 4450 1269 4520 ipsa
1307 4450 1498 4517 coegit
1533 4464 1668 4505 eum
1720 4449 1778 4505 id
1817 4449 2024 4507 facere.
2062 4452 2144 4508 Cf.
2184 4468 2240 4523 p.
2276 4454 2366 4518 77,
2402 4468 2459 4508 v.
2496 4452 2610 4507 7-8.
2636 4482 2703 4493 -—

343 4539 364 4571 ²
394 4538 627 4609 Ephes„
663 4552 704 4602 1,
726 4540 760 4591 4
797 4538 927 4607 (cfr.
967 4539 1238 4601 ioman..
1273 4551 1376 4602 xv,
1417 4539 1526 4605 16).
