3400 5642
214 1551 277 1595 10

209 2059 279 2102 15

218 2571 289 2614 ⁴20

216 4105 287 4151 35

1278 471 1724 559 -=<(175)*=-

324 617 497 682 diret
524 616 708 680 illum
743 638 779 680 »
806 637 821 692 ;
848 637 1057 701 neque
1088 624 1309 683 tamen
1341 619 1504 682 haec
1537 619 1890 702 assumptio
1923 636 2041 701 per
2070 619 2377 681 unionem
2403 623 2516 681 aut
2537 615 2683 681 fieri

326 718 719 802 explicatur.
768 716 952 790 Quod
999 722 1055 782 si
1103 720 1211 784 hic
1246 721 1415 784 Deus
1447 725 1788 804 putaretur
1833 719 2163 783 hominem
2196 739 2282 782 ex
2327 719 2544 783 Maria
2582 739 2683 782 as-

328 823 701 904 sumpsisse,
742 823 916 886 sicut
946 825 1213 905 sumpsit
1244 822 1579 905 pulverem
1610 827 1676 885 et
1707 820 2028 885 Adamum
2060 820 2390 903 formavit,
2424 826 2490 884 et
2522 824 2686 885 sicut

327 925 600 1006 sumpsit
646 928 894 987 costam
948 943 1139 1007 quam
1173 925 1242 987 in
1288 923 1629 988 mulierem
1662 920 2052 1005 aedificavit,
2103 928 2166 987 et
2213 926 2379 987 sicut
2418 926 2688 1006 sumpsit

328 1024 658 1088 hominem
706 1045 892 1108 quem
940 1027 1009 1089 in
1057 1025 1361 1109 paradiso
1408 1028 1639 1109 posuit,
1670 1045 1804 1089 non
1845 1030 1990 1089 erat
2021 1025 2394 1090 dicendum:
2450 1047 2485 1087 «
2518 1025 2686 1090 Ver-

331 1127 482 1190 bum
533 1147 689 1192 caro
740 1125 985 1192 factum
1034 1132 1226 1209 est»,
1276 1127 1445 1212 quod
1484 1119 1749 1212 propter
1780 1127 2241 1192 obscuritatem
2291 1133 2512 1211 aptum
2545 1132 2690 1190 erat

332 1231 657 1292 suscitare
693 1231 1123 1312 quaestioneS‚
1159 1249 1482 1312 generare
1516 1229 1833 1313 querelaS‚
1867 1227 2176 1293 inducere
2209 1229 2506 1294 diversas
2553 1231 2689 1313 opi-

330 1334 561 1395 niones
606 1334 676 1394 in
723 1333 807 1394 iis
852 1334 960 1414 qui
1006 1330 1235 1415 legunt
1289 1338 1355 1396 et
1386 1331 1676 1413 audiunt,
1713 1331 1824 1396 sed
1858 1351 2133 1414 aequum
2165 1338 2310 1396 erat
2350 1334 2551 1396 etiam
2581 1331 2689 1395 hic

332 1433 512 1497 clare
561 1433 885 1497 scribere:
942 1454 978 1496 ‹<
1012 1433 1304 1497 Verbum
1351 1433 1681 1498 hominem
1743 1432 1984 1515 tulit»,
2035 1437 2199 1498 sicut
2254 1435 2525 1518 sumpsit
2582 1453 2691 1497 co-

333 1541 521 1617 stam,
558 1538 829 1618 sumpsit
865 1535 1223 1618 pulverem,
1258 1539 1527 1620 sumpsit
1558 1535 1919 1612 hominem;
1957 1539 2105 1619 quia
2135 1555 2451 1620 nusquam
2489 1533 2692 1600 *solet

332 1643 563 1702 sancta
588 1637 925 1722 Scriptura
960 1641 1462 1722 assumptionem
1496 1658 1614 1722 pro
1650 1660 1685 1701 ‹<
1713 1637 1858 1702 fieri
1885 1661 1920 1702 »
1957 1659 2219 1722 ponere,
2254 1643 2366 1702 aut
2417 1658 2452 1701 «
2478 1636 2624 1702 fieri
2650 1659 2685 1700 »

334 1760 455 1824 pro
518 1743 979 1823 assumptione.
1029 1740 1198 1804 Ecce
1262 1743 1435 1804 enim
1498 1741 1667 1805 Deus
1728 1744 1998 1825 sumpsit
2041 1741 2379 1805 Abraham
2427 1743 2690 1824 eiusque

338 1842 659 1906 familiam
708 1863 794 1907 ex
854 1843 949 1906 Ur
992 1842 1472 1908 Chaldaeorum
1536 1850 1600 1908 et
1660 1842 1935 1907 adduxit
1979 1845 2265 1926 Harran,
2315 1850 2379 1908 et
2424 1843 2575 1907 inde
2623 1847 2692 1906 in

338 1950 589 2008 terram
638 1945 907 2009 Canaan
954 1945 1260 2030 perduxit
1288 1943 1343 2023 ¹;
1394 1949 1570 2029 item,
1604 1952 1898 2030 posteros
1938 1949 2078 2011 eius
2125 1967 2243 2030 per
2287 1947 2559 2032 Moysen
2608 1967 2692 2010 ex

338 2047 642 2132 Aegypto
706 2051 981 2132 sumpsit
1044 2069 1279 2133 eosque
1343 2049 1609 2114 reduxit
1669 2053 1738 2112 in
1799 2056 2046 2114 terram
2101 2069 2290 2134 quam
2345 2053 2407 2114 ei
2453 2054 2696 2134 promi-

335 2155 549 2226 serat;
601 2153 871 2234 sumpsit
919 2153 1118 2216 etiam
1165 2151 1371 2215 David
1419 2172 1503 2216 ex
1565 2152 1815 2234 ovibuS,
1871 2172 2058 2235 quem
2111 2151 2432 2216 exaltavit
2479 2157 2543 2216 et
2590 2173 2695 2216 re-

337 2270 486 2334 gem
535 2250 711 2332 fecit,
762 2256 827 2316 et
886 2272 968 2316 ex
1033 2258 1294 2336 pastore
1357 2255 1576 2317 ovium
1640 2252 1868 2318 ducem
1931 2253 2264 2317 hominum
2326 2256 2691 2329 constituit3

340 2356 615 2436 sumpsit
665 2362 731 2418 et
777 2353 1126 2438 discipulos
1173 2375 1332 2438 quos
1378 2375 1464 2420 ex
1509 2355 1942 2439 piscatoribus
1987 2356 2143 2420 fecit
2189 2355 2545 2439 apostolos3
2613 2359 2698 2419 si-

337 2453 484 2518 mili
531 2455 745 2537 modo,
772 2459 1041 2540 sumpsit
1074 2463 1138 2520 et
1170 2456 1445 2520 Paulum
1478 2477 1668 2540 quem
1698 2477 1784 2521 ex
1815 2457 2100 2521 zelatore
2132 2457 2300 2541 legis
2330 2460 2399 2521 in
2431 2478 2699 2541 praeco-

345 2577 497 2621 nem
554 2558 886 2641 evangelii
934 2562 1344 2643 segregavit;
1382 2564 1669 2622 attamen
1719 2559 1889 2644 apud
1921 2579 2432 2643 unumquemque
2465 2561 2701 2624 horum

338 2679 476 2723 non
527 2659 681 2723 licet
730 2663 975 2724 sentire
1024 2666 1136 2724 aut
1168 2659 1401 2726 docere
1435 2660 1577 2744 plus
1609 2681 1801 2744 quam
1848 2663 2160 2746 scriptum
2214 2668 2330 2726 est.
2380 2661 2702 2746 Scriptum

339 2766 441 2824 est
490 2764 690 2825 etiam
722 2761 800 2825 de
833 2761 1105 2826 Henoch
1130 2764 1187 2826 2:
1230 2785 1265 2825 ‹
1290 2763 1564 2846 Placuit,
1591 2769 1654 2828 et
1678 2763 1850 2827 Deus
1879 2767 2148 2847 sumpsit
2173 2783 2319 2830 eum
2351 2790 2414 2846 »‚
2448 2769 2514 2826 et
2543 2763 2704 2828 Eze-

340 2863 519 2926 chiel
566 2863 645 2927 de
695 2884 763 2928 se
812 2867 953 2947 ipso
1002 2863 1167 2927 dixit
1195 2864 1252 2928 3:
1308 2886 1343 2926 «
1378 2864 1656 2948 Spiritus
1694 2869 1964 2948 sumpsit
2011 2877 2134 2947 me,
2169 2871 2234 2929 et
2267 2865 2539 2930 abduxit
2577 2885 2701 2947 me,

341 2970 409 3028 et
456 2963 555 3028 fui
600 2959 778 3028 inter
824 2970 1075 3029 terram
1125 2974 1190 3030 et
1235 2966 1487 3031 caelum
1521 2987 1597 3042 »;
1648 2966 1819 3050 apud
1850 2971 2155 3030 neutrum
2202 2967 2436 3032 horum
2483 2973 2704 3031 tamen

352 3069 665 3150 scriptum
714 3072 811 3130 est
860 3067 1061 3132 Deum
1108 3067 1353 3132 factum
1398 3089 1559 3151 esse,
1610 3074 1722 3133 aut
1767 3071 2196 3151 incarnatum,
2243 3074 2356 3132 aut
2401 3069 2704 3134 inhuma—

344 3173 595 3232 natum.
634 3169 723 3232 De
758 3189 835 3233 eo
868 3172 1063 3252 enim,
1090 3173 1241 3254 quia
1267 3171 1467 3234 alium
1500 3175 1770 3255 sumpsit
1802 3176 1913 3236 aut
1945 3174 2325 3256 segregavit
2360 3177 2471 3236 aut
2503 3171 2703 3254 elegit

344 3273 411 3334 in
466 3269 727 3353 aliquod
776 3292 953 3356 opus,
1002 3272 1163 3337 talia
1208 3292 1539 3356 nunquam
1586 3272 1760 3338 dicta
1807 3278 1974 3336 sunt.
2038 3273 2222 3346 Quod
2269 3277 2325 3336 si
2373 3274 2700 3338 hominem

348 3376 827 3457 assumpsisset,
878 3377 1043 3438 sicut
1090 3374 1161 3438 hi
1221 3374 1462 3457 dicunt,
1511 3375 1577 3438 id
1622 3374 1883 3440 facilius
1944 3381 2116 3439 esset
2161 3376 2448 3440 scribere
2511 3395 2703 3460 quam

347 3474 544 3539 illud:
599 3496 634 3539 «
667 3475 961 3540 Verbum
993 3496 1149 3541 caro
1181 3475 1425 3541 factum
1457 3482 1553 3542 est
1587 3500 1645 3542 ».
1694 3477 1858 3542 Cum
1891 3482 2108 3543 autem
2139 3477 2454 3560 Apostoli,
2489 3479 2703 3542 Evan-

353 3577 649 3661 gelistae‚
702 3585 766 3643 et
813 3579 1047 3645 Patres
1096 3578 1386 3643 dixerint
1416 3585 1669 3644 tantum
1719 3601 1866 3644 eum
1897 3580 2141 3645 factum
2189 3602 2350 3663 esse,
2393 3588 2458 3645 et
2487 3584 2704 3644 incar-

346 3685 594 3764 natum,
646 3686 709 3744 et
759 3681 1277 3762 inhumanatum,
1312 3701 1537 3746 eorum
1583 3682 1806 3747 verbis
1838 3686 2274 3748 assentiamur
2320 3689 2385 3747 et
2430 3703 2576 3747 cum
2609 3685 2706 3746 eis

349 3782 645 3847 dicamus
692 3803 772 3847 ea
820 3803 983 3866 quae
1017 3786 1259 3868 scripta
1292 3789 1455 3848 sunt.
1490 3778 1860 3849 Clamemus
1905 3805 2052 3849 cum
2091 3784 2414 3850 Iohanne:
2469 3807 2506 3848 «
2538 3785 2705 3858 Ver-

350 3885 503 3948 bum
548 3905 704 3949 caro
737 3884 979 3950 factum
1013 3891 1109 3949 est
1136 3907 1209 3962 »;
1245 3893 1310 3951 61
1340 3907 1486 3950 611111
1517 3887 1853 3952 Matthaeo
1874 3887 1928 3950 ⁴:
1970 3909 2004 3949 «
2031 3888 2176 3952 Iesu
2207 3887 2456 3951 Christi
2487 3892 2706 3951 autem

354 3989 702 4070 generatio
751 3991 846 4052 sic
894 3995 1072 4052 erat:
1108 3989 1473 4073 Antequam
1504 3993 1954 4073 convenirent,
1988 3993 2257 4055 inventa
2289 3995 2387 4054 est
2417 3993 2486 4052 in
2519 3993 2708 4053 utero

356 4089 610 4153 habens
658 4089 735 4154 de
786 4089 1030 4174 Spiritu
1078 4097 1303 4156 sancto
1337 4114 1397 4174 »,
1446 4098 1511 4156 61
1536 4092 1593 4155 5:
1648 4113 1683 4154 «
1718 4091 1903 4164 Quod
1948 4095 2017 4156 in
2056 4112 2136 4156 ea
2180 4097 2404 4156 natum
2461 4096 2577 4171 est,
2627 4090 2706 4153 de

354 4191 601 4276 Spiritu
649 4198 875 4257 sancto
922 4198 1019 4258 est
1052 4215 1126 4270 »;
1177 4215 1323 4258 cum
1368 4195 1565 4277 Luca,
1615 4192 1681 4258 id
1728 4199 1843 4276 est,
1911 4215 2058 4258 cum
2118 4194 2356 4277 angelo
2382 4193 2439 4256 6:
2503 4214 2539 4257 ‹<
2569 4191 2709 4277 Spi-

450 4432 468 4464 ¹
509 4432 591 4488 Cf.
622 4434 785 4496 Gen„
822 4447 904 4495 xl,
930 4433 1017 4488 3¹.
1047 4463 1103 4471 -
1136 4433 1159 4465 ²
1185 4433 1266 4488 Cf.
1310 4435 1469 4498 Gen„
1508 4447 1569 4500 v,
1606 4435 1695 4488 24.
1723 4465 1788 4472 —
1818 4432 1838 4462 ³
1865 4435 1980 4497 Ez„
2016 4447 2142 4499 vm,
2169 4434 2220 4487 3.
2241 4431 2351 4473 —⁴
2377 4434 2640 4497 Mum„
2669 4449 2709 4495 1,

365 4515 453 4572 18.
494 4548 536 4556 —
586 4515 609 4548 ⁵
646 4519 911 4579 ΜΑΤΤΗ..
946 4531 985 4580 1,
1022 4519 1109 4572 20.
1151 4549 1211 4556 -
1253 4517 1275 4548 ⁶
1313 4518 1469 4581 LUG„
1504 4531 1543 4581 1,
1570 4517 1655 4572 35.

2743 1556 2800 1612 p.
2829 1542 2952 1598 236.
