3400 5642
1190 507 1300 590 -κ(
1350 505 1477 567 173
1525 510 1635 592 >3-

248 648 533 712 Verbum
568 670 627 730 »‚
678 652 742 712 et
789 648 920 712 alia
968 668 1113 712 cum
1160 646 1291 712 illis
1336 649 1598 732 scripta,
1648 653 1720 710 ut
1766 651 2082 714 sciremus
2129 649 2296 734 quod
2340 669 2473 713 non
2513 648 2590 711 li-

246 755 386 814 ceat
432 749 653 814 dicere
700 770 847 813 eum
894 752 1212 813 exsistere
1244 753 1384 814 sine
1418 753 1559 814 eius
1597 770 1818 832 carne,
1851 751 1960 815 vel
1992 772 2139 816 eum
2171 752 2414 816 factum
2447 771 2588 815 esse

246 855 380 916 sine
428 855 569 917 eius
615 852 977 916 divinitate.
1029 852 1207 916 Haec
1253 855 1428 916 enim
1476 858 1574 916 est
1620 856 1833 917 virtus
1879 857 2140 918 unionis
2187 874 2350 938 quae
2411 853 2590 918 facta

246 961 357 1037 est,
422 959 491 1018 ut
552 975 745 1020 nemo
807 957 1007 1039 possit
1052 955 1231 1018 *eius
1282 975 1317 1018 «
1352 975 1493 1019 esse
1528 977 1564 1018 »
1616 955 1699 1020 ab
1747 958 1888 1020 eius
1939 977 1974 1020 «
2007 954 2153 1020 fieri
2185 978 2221 1020 »
2274 962 2387 1021 aut
2449 959 2590 1020 eius
2643 976 2700 1031 p.
2731 959 2857 1016 233.

170 1080 193 1122 5
248 1079 279 1118 «
312 1055 459 1120 fieri
492 1079 528 1120 »
580 1057 663 1121 ab
715 1078 750 1120 ⁴<
784 1077 925 1120 esse
959 1079 995 1119 >
1046 1060 1187 1120 eius
1232 1059 1301 1119 in
1347 1059 1587 1121 unione
1635 1076 1966 1141 separare,
2011 1061 2304 1142 quamvis
2337 1062 2587 1121 certum

244 1163 322 1223 sit
368 1181 517 1223 eum
566 1165 714 1224 ante
762 1164 1056 1243 tempora
1103 1162 1421 1222 exsistere
1469 1165 1533 1224 et
1579 1163 1649 1223 in
1694 1166 1986 1244 tempore
2016 1159 2260 1225 factum
2308 1179 2469 1224 esse.
2521 1157 2587 1222 Si

243 1265 379 1345 quis
424 1261 567 1325 vult
613 1265 753 1326 eius
808 1269 841 1319 ά
871 1260 1018 1326 fieri
1048 1283 1085 1326 »
1136 1260 1387 1343 tollere,
1438 1265 1581 1326 eius
1636 1288 1669 1320 α
1703 1283 1843 1326 esse
1877 1285 1913 1326 »
1959 1266 2208 1347 pariter
2238 1264 2485 1338 reiicit;
2523 1268 2588 1326 et

243 1366 295 1425 si
340 1365 481 1427 eius
534 1388 568 1421 «
601 1361 749 1427 fieri
780 1385 816 1426 »
867 1362 1083 1427 alieno
1132 1362 1320 1427 modo
1368 1363 1652 1448 explicat
1698 1362 2029 1448 creditque
2079 1384 2226 1428 eum
2264 1382 2397 1428 non
2429 1383 2586 1427 vere

244 1465 483 1529 factum
530 1485 691 1545 esse,
742 1468 883 1530 eius
932 1485 967 1528 «
1002 1485 1143 1529 esse
1177 1487 1213 1527 >
1264 1467 1515 1548 pariter
1567 1465 1784 1530 alieno
1839 1485 2031 1530 sensu
2077 1464 2586 1548 intellegendum

150 1585 194 1630 10
243 1569 355 1648 est,
404 1587 528 1632 nec
574 1567 763 1631 nobis
810 1566 1091 1631 ostendit
1136 1587 1282 1632 eum
1331 1569 1647 1632 exsistere
1694 1571 2077 1633 increatum.
2129 1567 2197 1632 Si
2257 1564 2418 1634 vero
2450 1574 2590 1635 eius

245 1690 277 1732 «
311 1689 451 1733 esse
488 1691 523 1732 >>
575 1671 925 1734 essentiam
970 1668 1158 1732 nobis
1205 1669 1546 1745 revelavit,
1597 1673 1738 1734 eius
1790 1691 1826 1733 «
1858 1669 2004 1734 fieri
2035 1697 2067 1729 1>
2125 1670 2320 1735 aliter
2381 1673 2588 1756 expli-

240 1771 516 1835 candum
563 1791 694 1835 non
758 1776 887 1834 est:
953 1770 1427 1835 humanitatem
1490 1775 1631 1835 eius
1690 1772 1880 1836 nobis
1940 1773 2402 1849 manifestavit,
2466 1794 2589 1838 nec

241 1871 419 1936 decet
493 1871 835 1956 quidquam
909 1872 1085 1936 aliud
1157 1875 1469 1956 cogitare.
1543 1868 1610 1937 Si
1680 1873 1949 1938 credere
2027 1873 2377 1939 debeamus
2447 1877 2587 1939 eius

243 1996 274 2035 «
303 1995 443 2039 esse
473 1997 509 2038 »
546 1979 668 2038 etsi
700 1975 1357 2059 incomprehensibile
1391 1979 1493 2056 sit,
1528 1972 1874 2040 credamus
1904 1980 2102 2040 etiam
2134 1981 2276 2041 eius
2310 1995 2346 2039 ‹<
2373 1975 2521 2042 fieri
2547 2000 2581 2038 »

143 2095 187 2138 15
236 2076 385 2141 licet
432 2076 893 2160 inexplicabile
942 2079 1042 2139 sit.
1094 2077 1259 2140 Ecce
1309 2079 1483 2140 enim
1530 2098 1673 2142 cum
1731 2077 2004 2142 dicimus
2049 2099 2195 2142 eum
2245 2083 2581 2155 exsistere,

236 2199 357 2241 non
410 2181 776 2262 cogitamus
822 2199 969 2243 eum
1016 2181 1335 2243 exsistere
1384 2182 1533 2263 quia
1578 2180 1840 2244 factum.
1897 2173 2089 2264 ErgO,
2139 2189 2286 2244 cu’m
2327 2181 2585 2265 profite-

238 2301 379 2345 mur
424 2302 575 2345 eum
621 2280 866 2345 factum
914 2300 1074 2356 esse,
1125 2300 1207 2344 ne
1255 2284 1612 2346 sentiamus
1658 2295 1808 2346 eum
1846 2282 2090 2346 factum
2123 2303 2264 2346 esse
2297 2304 2414 2368 per
2445 2303 2584 2347 mu-

236 2385 565 2447 tationem.
632 2382 747 2446 Ille
811 2385 985 2446 enim
1049 2385 1156 2466 qui
1218 2385 1473 2447 initium
1544 2383 1754 2466 quoad
1823 2405 1858 2448 «
1892 2403 2033 2448 esse
2067 2405 2102 2448 >
2177 2403 2308 2449 non
2364 2385 2581 2467 habet,

236 2487 658 2548 mutationem
705 2505 823 2568 per
868 2503 1055 2548 suum
1107 2506 1143 2548 ((
1176 2483 1321 2548 fieri
1354 2506 1390 2547 »
1440 2489 1574 2569 pati
1620 2505 1753 2550 non
1801 2491 2076 2571 poterat.
2125 2487 2343 2570 Neque
2379 2491 2585 2551 inter-

135 2603 184 2648 20
234 2587 616 2669 pretandum
666 2593 764 2652 est
810 2602 957 2650 eum
1003 2587 1357 2671 sumpsisse
1414 2587 1764 2652 hominem.
1830 2588 2151 2673 Scriptum
2216 2592 2390 2654 enim
2451 2610 2585 2654 non

233 2693 327 2752 ost
373 2691 525 2754 eum
586 2689 916 2754 hominem
978 2693 1344 2774 sumpsisse,
1410 2691 1523 2754 sed
1586 2691 1830 2755 dictum
1891 2697 1957 2756 et
2018 2691 2422 2776 predicatum
2487 2699 2584 2757 est

231 2812 372 2854 eum
422 2792 671 2856 factum
718 2812 859 2857 esse
906 2792 1267 2857 hominem:
1325 2814 1361 2856 ((
1394 2793 1683 2857 Verbum
1733 2813 1890 2858 caro
1937 2792 2181 2858 factum
2230 2799 2328 2858 est
2368 2801 2433 2859 et
2465 2796 2582 2859 ha-

230 2894 467 2958 bitavit
512 2898 580 2958 in
626 2894 815 2959 nobis
847 2922 907 2977 a»,
956 2895 1067 2958 ubi
1114 2911 1267 2979 pars
1307 2915 1424 2979 pro
1457 2900 1591 2960 toto
1625 2896 1889 2960 homine
1923 2900 2204 2980 ponitur.
2243 2897 2322 2960 Et
2363 2917 2582 2982 quem-

231 2996 577 3062 admodum
624 3018 767 3061 cum
816 2997 1091 3062 dicimus
1137 3019 1283 3062 eum
1332 3019 1493 3081 esse,
1544 3017 1661 3082 per
1708 2999 1830 3063 hoc
1887 3000 2167 3064 alterum
2229 3020 2370 3064 esse
2434 3021 2580 3064 cum

134 3123 181 3166 25
230 3118 305 3162 eo
348 3119 485 3163 non
534 3098 996 3182 intellegimuS‚
1044 3101 1137 3163 ita
1185 3103 1250 3163 et
1296 3120 1443 3164 cum
1490 3097 1876 3164 confitemur
1923 3120 2068 3164 eum
2117 3100 2360 3166 factum
2415 3122 2576 3177 esse,

228 3201 412 3265 nobis
460 3221 593 3266 non
640 3200 810 3284 licet,
860 3204 1011 3285 quia
1058 3201 1269 3266 factus
1316 3207 1432 3283 est,
1482 3202 1762 3266 alterum
1811 3223 1951 3280 esse
2000 3222 2144 3267 cum
2193 3223 2270 3267 eo
2311 3207 2574 3268 sentire.

228 3303 484 3368 Etenim
530 3297 664 3368 non
710 3303 951 3369 dicitur
996 3303 1209 3368 factus
1256 3306 1405 3388 quia
1454 3305 1647 3368 homo
1697 3305 1780 3368 ab
1811 3307 1951 3388 ipso
1995 3305 2336 3370 distinctus
2367 3305 2579 3371 factus

226 3411 339 3489 est,
388 3406 505 3471 sed
552 3401 721 3470 haec‘
764 3405 844 3470 de
891 3426 969 3470 eo
1017 3403 1259 3490 scripta
1306 3411 1455 3470 sunt
1503 3409 1653 3490 quia
1707 3409 1844 3490 ipse
1908 3408 2145 3472 revera
2200 3406 2412 3472 factus
2459 3414 2574 3472 est.

226 3508 298 3572 In
344 3509 469 3573 hoc
518 3508 662 3573 loco
709 3499 1085 3572 Nestoriatri
1130 3514 1196 3571 et
1241 3507 1477 3573 Ariani
1523 3503 1955 3573 consentiunt.
2005 3501 2265 3573 Etenim
2321 3509 2574 3587 Ariani,

128 3631 176 3676 ao
226 3631 366 3674 cum
416 3611 640 3675 dicunt
686 3609 923 3675 Filium
971 3613 1278 3693 existere,
1324 3606 1752 3694 *intellegunt
1800 3628 1971 3694 eum‚‘
2017 3615 2167 3695 quia
2199 3612 2412 3676 factus
2457 3619 2574 3695 est,
2631 3629 2688 3684 p.
2717 3614 2844 3668 234.

224 3716 545 3778 exsistere
593 3712 937 3796 dicuntque
994 3732 1143 3776 eum·
1203 3715 1521 3777 exsistere
1570 3716 1720 3796 quia
1774 3712 1987 3777 factus
2034 3718 2132 3777 est
2149 3734 2172 3790 3·
2215 3705 2399 3797 quasi
2445 3733 2577 3779 non

224 3811 528 3900 quidquid
574 3821 689 3890 est,
740 3834 819 3878 eo
865 3814 1030 3899 quod
1077 3812 1321 3879 factum
1369 3820 1484 3896 est,
1535 3817 1916 3879 exsisteret:
1967 3831 2100 3880 non
2147 3816 2353 3880 solum
2387 3805 2574 3898 caeli,

223 3923 285 3980 et
328 3922 533 3993 terra,
586 3924 651 3982 et
696 3911 926 3992 maria,
977 3922 1041 3980 et
1090 3916 1221 3981 aIia
1271 3936 1518 3999 genera
1566 3935 1809 3999 magna
1865 3905 1929 3981 et
1991 3937 2267 4002 corpora
2331 3917 2573 3994 valida,

222 4018 331 4082 sed
378 4021 580 4083 etiam
628 4018 885 4094 culiceS‚
935 4024 1000 4083 et
1046 4010 1309 4102 puiices',
1359 4025 1424 4082 et
1483 4018 1724 4083 viliora
1783 4018 2108 4101 volatilia‚·
2166 4007 2232 4084 et
2294 4020 2574 4103 reptilia,

123 4137 171 4182 35
222 4125 284 4183 et
314 4117 539 4186 omnia
570 4118 721 4186 isti‘s‘
751 4117 1009 4186 similia.
1046 4111 1115 4184 Si
1146 4125 1365 4186 omnia
1398 4115 1623 4185 creata
1656 4124 1981 4185 exsistunt
2014 4124 2163 4204 quia
2195 4121 2372 4185 facta
2405 4127 2572 4197 sunt,

221 4229 283 4286 et
327 4223 535 4288 Filius
582 4226 799 4307 etiam,
850 4227 1014 4289 Sicut
1060 4225 1130 4288 hi
1185 4223 1425 4306 dicunt,
1490 4227 1747 4288 exsistit
1793 4225 1943 4308 quia
1989 4211 2202 4288 factus
2263 4229 2379 4305 est,
2443 4227 2577 4288 n'on

218 4345 376 4391 vero
424 4329 685 4390 exsistit
731 4329 881 4410 quia
932 4347 967 4389 ⁴<
1002 4331 1100 4389 est
1131 4353 1192 4401 »‚
1244 4327 1409 4389 sicut
1455 4324 1674 4406 Pater,
1710 4324 2056 4389 ostendant
2087 4330 2242 4388 tunc
2275 4324 2579 4409 blasphe-

217 4435 505 4493 matores
551 4429 659 4492 isti
705 4431 775 4492 in
822 4447 947 4512 quo
992 4428 1197 4492 Filius
1253 4448 1294 4491 a
1354 4430 1595 4491 ceteris
1654 4431 1980 4492 creaturis
2041 4425 2343 4491 differat?
2407 4427 2574 4492 Num

219 4532 365 4612 quia
413 4533 675 4594 exsistit
706 4550 785 4594 eo
816 4530 983 4614 quod
1023 4531 1235 4594 factus
1282 4528 1421 4594 est?
1456 4528 1581 4593 Sed
1613 4529 1778 4593 haec
1818 4531 2016 4593 etiam
2049 4532 2373 4593 exsistunt
2405 4535 2576 4612 post-
