3400 5642
446 2525 506 2582 p.
537 2511 662 2565 213.

1654 522 2102 604 «4158)»

708 686 825 730 sen
872 665 1178 731 discretio
1224 666 1563 731 electionis
1608 669 1911 750 apparuit
1941 685 2088 732 cum
2119 669 2252 730 iam
2283 669 2554 730 iuvenes
2599 671 2833 729 essent.
2861 664 3060 729 Iacob

710 772 903 850 enim,
953 768 1253 832 manibus
1298 771 1607 850 extensis»,
1658 766 2000 832 dexteram
2047 787 2244 853 super
2272 768 2584 853 Ephraim
2626 773 2692 832 et
2721 769 3058 831 sinistram

710 890 906 955 super
951 870 1300 936 Manassen
1362 873 1591 955 posuit,
1640 870 1794 936 licet
1839 871 2072 955 Ioseph
2125 871 2492 954 Manassen,
2555 876 2864 955 tanquam
2927 873 3061 954 pri-

708 975 1129 1056 mogenitum,
1156 971 1239 1036 ad
1286 971 1625 1037 dexteram
1676 979 1742 1038 et
1787 973 2102 1058 Ephraim
2157 972 2240 1038 ad
2280 976 2614 1038 sinistram
2661 977 2993 1037 statuisset
3015 972 3054 1035 ¹.

710 1074 809 1138 Ita
856 1080 921 1138 et
966 1073 1046 1138 de
1094 1073 1385 1155 Samson,
1428 1078 1535 1158 qui
1567 1095 1685 1159 per
1713 1095 2062 1140 nazaream
2109 1079 2310 1140 vitam
2369 1079 2632 1160 agnitus
2678 1081 2776 1140 est
2831 1080 3060 1158 potens

709 1182 775 1241 et
820 1176 1013 1242 fortis
1057 1180 1120 1241 in
1168 1177 1394 1258 Israel,
1444 1183 1509 1241 et
1552 1198 1720 1242 unus
1765 1197 1850 1242 ex
1895 1178 2334 1244 salvatoribus
2379 1183 2444 1243 et
2483 1178 2803 1243 iudicibus
2848 1177 3062 1242 factus

710 1285 841 1344 est:
892 1279 1058 1344 haec
1104 1281 1331 1363 agnita
1380 1284 1529 1344 sunt
1590 1285 1932 1363 antequam
1979 1283 2447 1366 conciperetur.
2505 1279 2800 1364 Angelus
2859 1282 3055 1357 enim,

712 1383 819 1464 qui
866 1384 1098 1446 missus
1144 1386 1260 1462 est,
1297 1381 1617 1446 revelavit
1654 1385 1848 1445 matri
1885 1385 2026 1446 eius
2057 1381 2224 1466 quod
2270 1385 2641 1466 conciperet
2687 1387 2753 1446 et
2798 1386 3062 1464 pareret

710 1482 935 1565 filium,
984 1487 1279 1566 quamvis
1310 1484 1555 1549 sterilis
1584 1490 1774 1566 esset,
1807 1505 2078 1569 eamque
2103 1485 2322 1550 docuit
2353 1484 2611 1550 modum
2657 1483 3062 1548 educationis

712 1592 778 1650 et
826 1589 1151 1650 rationem
1196 1589 1373 1651 vitae
1420 1589 1563 1650 eius
1607 1592 1671 1650 et
1705 1587 2166 1652 abstinentiam
2199 1591 2340 1652 eius
2385 1607 2471 1652 ex
2517 1607 2642 1671 qua
2690 1587 2892 1650 robur
2921 1590 3062 1650 eius

712 1689 1139 1770 stabiliretur,
1188 1709 1459 1773 eumque
1522 1689 1816 1754 futurum
1877 1709 2020 1756 esse
2082 1691 2480 1756 salvatorem
2542 1696 2606 1754 et
2667 1689 2946 1754 iudicem
2992 1691 3062 1752 in

713 1787 918 1851 Israel
945 1787 991 1849 2.
1040 1787 1140 1852 Ita
1172 1790 1367 1852 etiam
1402 1786 1663 1852 Samuel
1688 1788 2023 1872 propheta,
2057 1791 2278 1854 statim
2310 1809 2388 1854 ac
2415 1793 2610 1853 natus
2639 1793 2756 1869 est,
2807 1787 3063 1852 oblatus

714 1895 811 1954 est
858 1890 1011 1971 Deo,
1060 1894 1125 1954 et
1171 1909 1289 1974 per
1332 1889 1509 1954 facta
1558 1890 2011 1956 manifestatus
2041 1897 2140 1956 est
2167 1909 2302 1955 non
2332 1890 2538 1956 solum
2579 1890 2914 1974 propheta,
2949 1889 3060 1954 sed

713 1995 913 2057 etiam
982 1991 1181 2056 iudex
1248 1997 1315 2056 et
1383 1995 1683 2076 princeps
1745 1992 2153 2058 sacerdotum
2189 1993 2232 2055 3.
2297 1992 2614 2057 Audimus
2673 1994 2872 2057 etiam
2933 1991 3062 2055 Re-

714 2093 1117 2178 demptorem
1150 2101 1442 2160 nostrum
1474 2094 1786 2178 apostolis
1817 2098 1952 2160 suis
1983 2099 2226 2160 sanctis
2249 2102 2474 2180 aperte
2499 2094 2742 2159 dixisse
2771 2095 2826 2158 ⁴:
2866 2116 2903 2158 ‹
2927 2095 3064 2159 Vos

714 2197 876 2260 mihi
922 2196 1115 2261 electi
1162 2200 1321 2260 estis
1366 2203 1517 2261 ante
1566 2197 1792 2262 mundi
1835 2201 2359 2264 constitutionem
2387 2219 2446 2262 ».
2496 2199 2576 2261 Et
2621 2201 2862 2261 iterum
2893 2198 3066 2281 Apo-

714 2299 917 2363 stolus
962 2299 1041 2362 de
1074 2319 1143 2363 se
1178 2303 1315 2384 ipso
1346 2303 1605 2384 scripsit
1630 2301 1687 2364 5:
1743 2323 1778 2362 «
1813 2300 1974 2365 Cum
2015 2301 2257 2384 placuit
2287 2303 2350 2364 ei
2379 2303 2488 2384 qui
2533 2321 2636 2364 me
2683 2303 3066 2383 segregavit

714 2421 803 2464 ex
847 2407 1037 2466 utero
1099 2405 1329 2466 matris
1396 2423 1599 2485 meae,
1648 2409 1716 2467 et
1761 2407 2023 2469 vocavit
2085 2423 2187 2468 me
2245 2423 2362 2487 per
2409 2406 2695 2486 gratiam
2739 2421 2944 2484 suam,
2993 2408 3064 2465 ut

717 2503 1048 2568 revelaret
1093 2505 1369 2569 *Filium
1418 2526 1606 2570 suum
1637 2510 1708 2571 in
1755 2528 1880 2590 me,
1913 2514 1984 2571 ut
2015 2506 2544 2590 evangelizarem
2574 2506 2756 2570 illum
2805 2508 2874 2568 in
2907 2524 3066 2588 gen-

716 2606 919 2670 tihus:
970 2610 1277 2672 continuo
1322 2627 1457 2674 non
1480 2612 1778 2692 acquievi
1811 2613 1996 2674 carni
2029 2616 2095 2674 et
2131 2612 2458 2692 sanguini,
2505 2628 2714 2692 neque
2757 2605 3065 2672 adscendi

718 2708 1168 2774 Ierosolimam
1214 2710 1296 2774 ad
1330 2716 1780 2776 antecessores
1809 2732 1990 2777 meos
2035 2711 2359 2797 apostolos
2391 2732 2448 2775 ».
2498 2712 2581 2774 Et
2619 2713 2816 2774 etiam
2848 2709 3068 2773 docuit

718 2831 807 2892 se,
856 2813 1075 2874 statim
1124 2831 1201 2875 ac
1246 2817 1439 2876 natus
1486 2818 1602 2894 est,
1646 2812 1730 2878 ad
1761 2814 1886 2878 hoc
1917 2819 2340 2897 segregatum
2371 2833 2512 2878 esse
2559 2817 2632 2876 ut
2662 2815 2730 2875 in
2765 2810 3066 2895 gentibus

720 2913 1047 2997 apostolus
1092 2921 1281 2979 esset.
1334 2917 1609 2999 Etenim,
1659 2937 1804 2981 cum
1837 2917 2140 2982 voluntas
2187 2919 2327 2980 eius
2373 2935 2458 2980 ex
2503 2917 2881 2998 ignorantia
2927 2912 3066 2976 zelo

716 3015 885 3099 legis
930 3016 1353 3100 detineretur,
1403 3017 1569 3101 quod
1601 3019 1938 3083 voluntate
1969 3022 2150 3103 prius
2181 3026 2296 3101 est,
2346 3019 2410 3082 id
2464 3024 2580 3100 est,
2629 3017 2880 3099 electiO,
2915 3035 3061 3080 eum

718 3120 931 3200 posuit
977 3137 1367 3202 praeconem
1400 3124 1465 3183 et
1497 3119 1830 3185 doctorem
1863 3124 2175 3204 gentium,
2223 3126 2294 3184 ut
2324 3125 2501 3204 patet
2533 3139 2618 3184 ex
2648 3118 2870 3183 verbis
2901 3137 3065 3201 quae

720 3221 1032 3285 Dominus
1076 3228 1303 3286 noster
1348 3221 1431 3286 ad
1462 3223 1791 3288 Ananiam
1823 3223 2076 3288 locutus
2120 3229 2250 3288 est:
2305 3244 2342 3287 «
2374 3220 2580 3304 Vade,
2615 3223 2916 3306 quoniam
2949 3239 3070 3284 vas

720 3322 1057 3388 electionis
1104 3329 1202 3387 est
1250 3325 1411 3388 mihi
1444 3329 1585 3407 iste,
1618 3331 1691 3388 ut
1723 3333 1937 3409 portet
1966 3345 2206 3391 nomen
2238 3345 2451 3389 meum
2483 3343 2707 3390 coram
2747 3323 3067 3406 gentibus,

720 3431 785 3488 et
831 3427 1117 3508 regibuS,
1168 3432 1233 3490 et
1279 3425 1431 3490 filiis
1477 3427 1681 3492 Israel
1709 3430 1734 3467 ⁴³
1769 3449 1828 3492 ».
1891 3427 2218 3493 Iohannes
2264 3435 2480 3492 autem
2527 3427 2837 3509 Baptista,
2887 3430 3071 3488 ante-

722 3547 915 3610 quam
960 3533 1364 3612 nasceretur,
1414 3530 1659 3594 electus
1707 3536 1806 3595 est
1850 3537 1922 3594 ut
1967 3549 2206 3613 praeco
2252 3535 2316 3594 et
2362 3532 2638 3594 nuncius
2677 3547 2900 3592 coram
2947 3528 3071 3591 Do-

720 3633 897 3694 mino
946 3628 1151 3713 fieret,
1201 3631 1738 3715 quemadmodum
1788 3633 2020 3698 docent
2067 3652 2144 3696 ea
2185 3651 2350 3716 quae
2397 3630 2690 3714 Angelus
2736 3629 2814 3694 de
2861 3649 2940 3693 eo
2987 3627 3072 3692 ad

722 3740 973 3817 patrem
1020 3737 1160 3798 eius
1207 3733 1373 3798 dixit
1402 3734 1458 3798 ⁷:
1505 3756 1540 3797 ‹<
1575 3735 1669 3798 Ne
1717 3738 1970 3816 timeaS,
2019 3735 2360 3817 Zacharia,
2409 3738 2714 3817 quoniam
2759 3731 3072 3796 exaudita

722 3840 820 3898 est
867 3835 1242 3919 deprecatio
1286 3842 1433 3912 tua;
1488 3841 1555 3901 et
1597 3857 1772 3901 uxor
1815 3842 1928 3901 tua
1986 3837 2324 3902 Elisabeth
2383 3838 2703 3920 concipiet
2749 3840 2814 3900 et
2859 3836 3074 3918 pariet

723 3937 842 4000 tibi
889 3936 1110 4020 filium,
1162 3944 1227 4002 et
1271 3940 1539 4004 vocabis
1583 3959 1820 4003 nomen
1853 3943 1994 4004 eius
2039 3940 2430 4014 Iohannem3
2482 3940 2588 4002 hic
2621 3941 2748 4002 erit
2793 3955 3074 4020 magnus

722 4058 947 4104 coram
978 4040 1285 4105 Domino:
1320 4047 1385 4104 et
1409 4045 1633 4105 vinum
1668 4048 1733 4106 et
1765 4045 2042 4106 siceram
2074 4061 2206 4106 non
2238 4041 2433 4122 bibet,
2475 4046 2541 4105 et
2572 4040 2814 4125 Spiritu
2845 4045 3074 4103 sancto

3124 1601 3181 1648 10

3123 2123 3181 2168 15

722 4141 1083 4226 replebitur
1128 4141 1341 4208 adhuc
1372 4147 1441 4206 in
1472 4148 1663 4208 utero
1709 4147 1939 4208 matris
1971 4162 2147 4224 suae,
2182 4149 2246 4208 et
2277 4143 2514 4208 multos
2543 4142 2828 4207 filiorum
2867 4140 3072 4206 Israel
3129 4161 3190 4205 35

722 4251 1062 4308 convertet
1109 4244 1192 4310 ad
1244 4246 1585 4310 Dominum
1632 4247 1835 4310 Deum
1883 4249 2206 4330 ipsorum
2256 4250 2322 4310 et
2359 4249 2495 4329 ipse
2543 4243 2888 4329 praecedet
2919 4249 3074 4307 ante

817 4486 831 4513 ¹
865 4486 1027 4546 Gen..
1052 4497 1258 4547 vam,
1299 4485 1475 4539 13-22.
1506 4515 1565 4524 -
1600 4485 1619 4515 ²
1649 4487 1805 4548 Iud..
1829 4499 1960 4551 1111,
1988 4485 2098 4539 3-5.
2124 4515 2194 4524 -
2233 4483 2253 4515 ⁸
2289 4486 2310 4539 1
2348 4489 2504 4554 Rea,
2543 4502 2580 4546 1.
2618 4485 2800 4538 27-28.
2836 4513 2904 4522 —-
2941 4481 2964 4513 ⁴
2989 4483 3073 4537 (ΞΓ.

727 4569 899 4636 Eph..
934 4582 971 4633 Ι,
1010 4569 1059 4622 4.
1099 4599 1165 4608 -
1204 4569 1226 4600 ⁶
1257 4571 1409 4632 Gal„
1445 4583 1488 4632 1,
1514 4571 1693 4625 15-17.
1719 4599 1790 4609 -
1815 4569 1837 4600 ⁶
1857 4572 2000 4634 Act„
2041 4585 2123 4633 11,
2162 4571 2244 4625 15.
2265 4599 2334 4609 -·-
2371 4569 2392 4601 ‘¹
2417 4571 2500 4625 cf.
2528 4571 2684 4636 Εὔα,
2710 4583 2750 4635 1,
2783 4569 3075 4632 13‚·15-17.
