<?xml version="1.0" encoding="UTF-8"?>
<!DOCTYPE html PUBLIC "-//W3C//DTD XHTML 1.0 Transitional//EN"
    "http://www.w3.org/TR/xhtml1/DTD/xhtml1-transitional.dtd">
<html xmlns="http://www.w3.org/1999/xhtml" xml:lang="en" lang="en">
 <head>
  <title>
</title>
<meta http-equiv="Content-Type" content="text/html;charset=utf-8" />
  <meta name='ocr-system' content='tesseract 3.04.00' />
  <meta name='ocr-capabilities' content='ocr_page ocr_carea ocr_par ocr_line ocrx_word'/>
</head>
<body>
  <div class='ocr_page' id='page_1' title='image "./corpusscriptoru13unkngoog_0032.png"; bbox 0 0 3400 5642; ppageno 0'>
   <div class='ocr_carea' id='block_1_1' title="bbox 159 1614 219 1658">
    <p class='ocr_par' dir='ltr' id='par_1_1' title="bbox 159 1614 219 1658">
     <span class='ocr_line' id='line_1_1' title="bbox 159 1614 219 1658; baseline 0.033 -2"><span class='ocrx_word' id='word_1_1' title='bbox 159 1614 219 1658; x_wconf 82' lang='lat'>10</span> 
     </span>
    </p>
   </div>
   <div class='ocr_carea' id='block_1_2' title="bbox 158 2124 213 2168">
    <p class='ocr_par' dir='ltr' id='par_1_2' title="bbox 158 2124 213 2168">
     <span class='ocr_line' id='line_1_2' title="bbox 158 2124 213 2168; baseline 0.036 -2"><span class='ocrx_word' id='word_1_2' title='bbox 158 2124 213 2168; x_wconf 83' lang='lat'>15</span> 
     </span>
    </p>
   </div>
   <div class='ocr_carea' id='block_1_3' title="bbox 151 2635 213 2680">
    <p class='ocr_par' dir='ltr' id='par_1_3' title="bbox 151 2635 213 2680">
     <span class='ocr_line' id='line_1_3' title="bbox 151 2635 213 2680; baseline 0.048 -3"><span class='ocrx_word' id='word_1_3' title='bbox 151 2635 213 2680; x_wconf 72' lang='lat'>20</span> 
     </span>
    </p>
   </div>
   <div class='ocr_carea' id='block_1_4' title="bbox 1252 537 1669 626">
    <p class='ocr_par' dir='ltr' id='par_1_4' title="bbox 1252 537 1669 626">
     <span class='ocr_line' id='line_1_4' title="bbox 1252 537 1669 626; baseline 0 0"><span class='ocrx_word' id='word_1_4' title='bbox 1252 537 1669 626; x_wconf 52' lang='grc'>«(21)»</span> 
     </span>
    </p>
   </div>
   <div class='ocr_carea' id='block_1_5' title="bbox 278 681 2638 2094">
    <p class='ocr_par' dir='ltr' id='par_1_5' title="bbox 278 681 2638 2094">
     <span class='ocr_line' id='line_1_5' title="bbox 282 681 2638 767; baseline 0.003 -23"><span class='ocrx_word' id='word_1_5' title='bbox 282 700 507 746; x_wconf 90' lang='lat' dir='ltr'>sermo</span> <span class='ocrx_word' id='word_1_6' title='bbox 552 684 673 746; x_wconf 89' lang='lat' dir='ltr'>scit</span> <span class='ocrx_word' id='word_1_7' title='bbox 719 681 1035 765; x_wconf 82' lang='lat' dir='ltr'>quomodo</span> <span class='ocrx_word' id='word_1_8' title='bbox 1068 701 1215 746; x_wconf 90' lang='lat' dir='ltr'>eum</span> <span class='ocrx_word' id='word_1_9' title='bbox 1246 681 1553 748; x_wconf 82' lang='lat' dir='ltr'>declaret.</span> <span class='ocrx_word' id='word_1_10' title='bbox 1587 683 1865 765; x_wconf 80' lang='lat' dir='ltr'><strong>Etenim,</strong></span> <span class='ocrx_word' id='word_1_11' title='bbox 1901 683 2436 767; x_wconf 84' lang='lat' dir='ltr'>quemadmodum</span> <span class='ocrx_word' id='word_1_12' title='bbox 2469 686 2638 750; x_wconf 90' lang='lat' dir='ltr'>Deus</span> 
     </span>
     <span class='ocr_line' id='line_1_6' title="bbox 284 787 2636 869; baseline 0.001 -21"><span class='ocrx_word' id='word_1_13' title='bbox 284 788 386 848; x_wconf 89' lang='lat' dir='ltr'>est</span> <span class='ocrx_word' id='word_1_14' title='bbox 434 803 630 867; x_wconf 91' lang='lat' dir='ltr'>supra</span> <span class='ocrx_word' id='word_1_15' title='bbox 678 803 903 848; x_wconf 89' lang='lat' dir='ltr'>omnes</span> <span class='ocrx_word' id='word_1_16' title='bbox 948 790 1309 866; x_wconf 79' lang='lat' dir='ltr'>creaturaS,</span> <span class='ocrx_word' id='word_1_17' title='bbox 1356 787 1451 849; x_wconf 90' lang='lat' dir='ltr'>ita</span> <span class='ocrx_word' id='word_1_18' title='bbox 1496 789 1595 850; x_wconf 90' lang='lat' dir='ltr'>est</span> <span class='ocrx_word' id='word_1_19' title='bbox 1640 788 1924 869; x_wconf 88' lang='lat' dir='ltr'>penitior</span> <span class='ocrx_word' id='word_1_20' title='bbox 1953 787 2252 852; x_wconf 89' lang='lat' dir='ltr'>omnibus</span> <span class='ocrx_word' id='word_1_21' title='bbox 2282 787 2536 863; x_wconf 88' lang='lat' dir='ltr'>verbis;</span> <span class='ocrx_word' id='word_1_22' title='bbox 2571 794 2636 852; x_wconf 94' lang='lat' dir='ltr'>et</span> 
     </span>
     <span class='ocr_line' id='line_1_7' title="bbox 284 885 2638 974; baseline 0.004 -24"><span class='ocrx_word' id='word_1_23' title='bbox 284 885 827 969; x_wconf 83' lang='lat' dir='ltr'>quemadmodum</span> <span class='ocrx_word' id='word_1_24' title='bbox 873 886 1173 951; x_wconf 91' lang='lat' dir='ltr'>subtilior</span> <span class='ocrx_word' id='word_1_25' title='bbox 1218 892 1317 952; x_wconf 87' lang='lat' dir='ltr'>est</span> <span class='ocrx_word' id='word_1_26' title='bbox 1362 889 1661 952; x_wconf 88' lang='lat' dir='ltr'>omnibus</span> <span class='ocrx_word' id='word_1_27' title='bbox 1707 889 2030 974; x_wconf 79' lang='lat' dir='ltr'>operibuS,</span> <span class='ocrx_word' id='word_1_28' title='bbox 2077 891 2170 954; x_wconf 89' lang='lat' dir='ltr'>ita</span> <span class='ocrx_word' id='word_1_29' title='bbox 2217 896 2284 954; x_wconf 90' lang='lat' dir='ltr'>et</span> <span class='ocrx_word' id='word_1_30' title='bbox 2337 890 2638 960; x_wconf 86' lang='lat' dir='ltr'>subtilior</span> 
     </span>
     <span class='ocr_line' id='line_1_8' title="bbox 282 987 2638 1075; baseline 0.003 -25"><span class='ocrx_word' id='word_1_31' title='bbox 282 991 385 1051; x_wconf 91' lang='lat' dir='ltr'>est</span> <span class='ocrx_word' id='word_1_32' title='bbox 435 987 736 1051; x_wconf 90' lang='lat' dir='ltr'>omnibus</span> <span class='ocrx_word' id='word_1_33' title='bbox 780 989 1121 1052; x_wconf 89' lang='lat' dir='ltr'>mentibus.</span> <span class='ocrx_word' id='word_1_34' title='bbox 1170 987 1457 1054; x_wconf 88' lang='lat' dir='ltr'>Scientia</span> <span class='ocrx_word' id='word_1_35' title='bbox 1504 989 1898 1072; x_wconf 77' lang='lat' dir='ltr'>spiritalium</span> <span class='ocrx_word' id='word_1_36' title='bbox 1929 1010 2078 1054; x_wconf 89' lang='lat' dir='ltr'>eum</span> <span class='ocrx_word' id='word_1_37' title='bbox 2107 1009 2241 1057; x_wconf 80' lang='lat' dir='ltr'>non</span> <span class='ocrx_word' id='word_1_38' title='bbox 2273 991 2638 1075; x_wconf 88' lang='lat' dir='ltr'>apprehen-</span> 
     </span>
     <span class='ocr_line' id='line_1_9' title="bbox 284 1088 2635 1172; baseline 0.003 -20"><span class='ocrx_word' id='word_1_39' title='bbox 284 1088 402 1170; x_wconf 90' lang='lat' dir='ltr'>dit,</span> <span class='ocrx_word' id='word_1_40' title='bbox 451 1091 601 1172; x_wconf 88' lang='lat' dir='ltr'>quia</span> <span class='ocrx_word' id='word_1_41' title='bbox 648 1090 951 1155; x_wconf 90' lang='lat' dir='ltr'>subtilior</span> <span class='ocrx_word' id='word_1_42' title='bbox 995 1097 1092 1154; x_wconf 90' lang='lat' dir='ltr'>est</span> <span class='ocrx_word' id='word_1_43' title='bbox 1138 1094 1339 1156; x_wconf 88' lang='lat' dir='ltr'>etiam</span> <span class='ocrx_word' id='word_1_44' title='bbox 1368 1094 1643 1156; x_wconf 90' lang='lat' dir='ltr'>scientia</span> <span class='ocrx_word' id='word_1_45' title='bbox 1674 1111 1920 1158; x_wconf 86' lang='lat' dir='ltr'>eorum.</span> <span class='ocrx_word' id='word_1_46' title='bbox 1953 1091 2290 1160; x_wconf 81' lang='lat' dir='ltr'>Profunda</span> <span class='ocrx_word' id='word_1_47' title='bbox 2321 1098 2635 1160; x_wconf 81' lang='lat' dir='ltr'>scrutatio</span> 
     </span>
     <span class='ocr_line' id='line_1_10' title="bbox 282 1191 2635 1280; baseline 0.003 -26"><span class='ocrx_word' id='word_1_48' title='bbox 282 1191 655 1256; x_wconf 84' lang='lat' dir='ltr'>intellectus</span> <span class='ocrx_word' id='word_1_49' title='bbox 702 1192 1011 1276; x_wconf 85' lang='lat' dir='ltr'>abyssum</span> <span class='ocrx_word' id='word_1_50' title='bbox 1055 1196 1585 1277; x_wconf 82' lang='lat' dir='ltr'>investigationis</span> <span class='ocrx_word' id='word_1_51' title='bbox 1630 1198 1772 1258; x_wconf 90' lang='lat' dir='ltr'>eius</span> <span class='ocrx_word' id='word_1_52' title='bbox 1816 1215 1950 1260; x_wconf 89' lang='lat' dir='ltr'>non</span> <span class='ocrx_word' id='word_1_53' title='bbox 1996 1195 2232 1279; x_wconf 82' lang='lat' dir='ltr'>palpat,</span> <span class='ocrx_word' id='word_1_54' title='bbox 2281 1199 2432 1279; x_wconf 89' lang='lat' dir='ltr'>quia</span> <span class='ocrx_word' id='word_1_55' title='bbox 2486 1217 2635 1280; x_wconf 92' lang='lat' dir='ltr'>pro—</span> 
     </span>
     <span class='ocr_line' id='line_1_11' title="bbox 280 1293 2634 1382; baseline 0.004 -26"><span class='ocrx_word' id='word_1_56' title='bbox 280 1293 553 1360; x_wconf 81' lang='lat' dir='ltr'>fundior</span> <span class='ocrx_word' id='word_1_57' title='bbox 598 1301 697 1360; x_wconf 88' lang='lat' dir='ltr'>est</span> <span class='ocrx_word' id='word_1_58' title='bbox 742 1295 1101 1380; x_wconf 79' lang='lat' dir='ltr'>profundiS,</span> <span class='ocrx_word' id='word_1_59' title='bbox 1150 1301 1217 1360; x_wconf 90' lang='lat' dir='ltr'>et</span> <span class='ocrx_word' id='word_1_60' title='bbox 1248 1297 1447 1360; x_wconf 88' lang='lat' dir='ltr'>altior</span> <span class='ocrx_word' id='word_1_61' title='bbox 1476 1297 1646 1378; x_wconf 83' lang='lat' dir='ltr'>altis,</span> <span class='ocrx_word' id='word_1_62' title='bbox 1680 1302 1746 1362; x_wconf 90' lang='lat' dir='ltr'>et</span> <span class='ocrx_word' id='word_1_63' title='bbox 1791 1297 1991 1362; x_wconf 86' lang='lat' dir='ltr'>latior</span> <span class='ocrx_word' id='word_1_64' title='bbox 2020 1298 2240 1380; x_wconf 73' lang='lat' dir='ltr'>caelis,</span> <span class='ocrx_word' id='word_1_65' title='bbox 2273 1303 2338 1362; x_wconf 90' lang='lat' dir='ltr'>et</span> <span class='ocrx_word' id='word_1_66' title='bbox 2369 1299 2634 1382; x_wconf 82' lang='lat' dir='ltr'>longior</span> 
     </span>
     <span class='ocr_line' id='line_1_12' title="bbox 284 1398 2632 1484; baseline 0.002 -24"><span class='ocrx_word' id='word_1_67' title='bbox 284 1398 844 1482; x_wconf 79' lang='lat' dir='ltr'>quibuscumque</span> <span class='ocrx_word' id='word_1_68' title='bbox 904 1399 1301 1483; x_wconf 80' lang='lat' dir='ltr'>corporibus,</span> <span class='ocrx_word' id='word_1_69' title='bbox 1366 1399 1509 1482; x_wconf 85' lang='lat' dir='ltr'>Ipse</span> <span class='ocrx_word' id='word_1_70' title='bbox 1558 1400 1736 1465; x_wconf 90' lang='lat' dir='ltr'>solus</span> <span class='ocrx_word' id='word_1_71' title='bbox 1795 1407 1892 1464; x_wconf 89' lang='lat' dir='ltr'>est</span> <span class='ocrx_word' id='word_1_72' title='bbox 1954 1400 2228 1466; x_wconf 90' lang='lat' dir='ltr'>altitudo</span> <span class='ocrx_word' id='word_1_73' title='bbox 2289 1421 2453 1484; x_wconf 90' lang='lat' dir='ltr'>quae</span> <span class='ocrx_word' id='word_1_74' title='bbox 2500 1421 2632 1466; x_wconf 93' lang='lat' dir='ltr'>non</span> 
     </span>
     <span class='ocr_line' id='line_1_13' title="bbox 280 1498 2634 1585; baseline 0.003 -23"><span class='ocrx_word' id='word_1_75' title='bbox 280 1505 723 1582; x_wconf 84' lang='lat' dir='ltr'>mensuratur,</span> <span class='ocrx_word' id='word_1_76' title='bbox 773 1498 1162 1583; x_wconf 86' lang='lat' dir='ltr'>profundum</span> <span class='ocrx_word' id='word_1_77' title='bbox 1211 1499 1379 1582; x_wconf 89' lang='lat' dir='ltr'>quod</span> <span class='ocrx_word' id='word_1_78' title='bbox 1422 1519 1555 1565; x_wconf 88' lang='lat' dir='ltr'>non</span> <span class='ocrx_word' id='word_1_79' title='bbox 1600 1501 1921 1585; x_wconf 81' lang='lat' dir='ltr'>palpatur,</span> <span class='ocrx_word' id='word_1_80' title='bbox 1969 1501 2242 1566; x_wconf 89' lang='lat' dir='ltr'>latitudo</span> <span class='ocrx_word' id='word_1_81' title='bbox 2289 1521 2454 1585; x_wconf 82' lang='lat' dir='ltr'>quae</span> <span class='ocrx_word' id='word_1_82' title='bbox 2498 1521 2634 1568; x_wconf 89' lang='lat' dir='ltr'>non</span> 
     </span>
     <span class='ocr_line' id='line_1_14' title="bbox 284 1601 2632 1689; baseline 0.002 -25"><span class='ocrx_word' id='word_1_83' title='bbox 284 1601 819 1684; x_wconf 88' lang='lat' dir='ltr'>apprehenditur,</span> <span class='ocrx_word' id='word_1_84' title='bbox 870 1609 935 1667; x_wconf 91' lang='lat' dir='ltr'>et</span> <span class='ocrx_word' id='word_1_85' title='bbox 980 1601 1317 1685; x_wconf 86' lang='lat' dir='ltr'>longitudo</span> <span class='ocrx_word' id='word_1_86' title='bbox 1365 1621 1527 1685; x_wconf 89' lang='lat' dir='ltr'>quae</span> <span class='ocrx_word' id='word_1_87' title='bbox 1582 1623 1716 1667; x_wconf 90' lang='lat' dir='ltr'>non</span> <span class='ocrx_word' id='word_1_88' title='bbox 1770 1611 2300 1688; x_wconf 86' lang='lat' dir='ltr'>praeoccupatur.</span> <span class='ocrx_word' id='word_1_89' title='bbox 2350 1605 2433 1668; x_wconf 89' lang='lat' dir='ltr'>Et</span> <span class='ocrx_word' id='word_1_90' title='bbox 2481 1609 2632 1689; x_wconf 90' lang='lat' dir='ltr'>quia</span> 
     </span>
     <span class='ocr_line' id='line_1_15' title="bbox 279 1703 2634 1788; baseline 0.003 -22"><span class='ocrx_word' id='word_1_91' title='bbox 279 1703 409 1766; x_wconf 87' lang='lat' dir='ltr'>hae</span> <span class='ocrx_word' id='word_1_92' title='bbox 458 1707 815 1768; x_wconf 88' lang='lat' dir='ltr'>immensae</span> <span class='ocrx_word' id='word_1_93' title='bbox 862 1724 1211 1768; x_wconf 86' lang='lat' dir='ltr'>mensurae</span> <span class='ocrx_word' id='word_1_94' title='bbox 1258 1707 1328 1769; x_wconf 92' lang='lat' dir='ltr'>in</span> <span class='ocrx_word' id='word_1_95' title='bbox 1374 1725 1453 1770; x_wconf 89' lang='lat' dir='ltr'>eo</span> <span class='ocrx_word' id='word_1_96' title='bbox 1484 1709 1922 1788; x_wconf 87' lang='lat' dir='ltr'>continentur,</span> <span class='ocrx_word' id='word_1_97' title='bbox 1957 1705 2036 1770; x_wconf 94' lang='lat' dir='ltr'>de</span> <span class='ocrx_word' id='word_1_98' title='bbox 2069 1726 2148 1771; x_wconf 91' lang='lat' dir='ltr'>eo</span> <span class='ocrx_word' id='word_1_99' title='bbox 2178 1711 2430 1772; x_wconf 89' lang='lat' dir='ltr'>tantum</span> <span class='ocrx_word' id='word_1_100' title='bbox 2461 1708 2634 1772; x_wconf 91' lang='lat' dir='ltr'>Pau-</span> 
     </span>
     <span class='ocr_line' id='line_1_16' title="bbox 279 1804 2634 1891; baseline 0.003 -24"><span class='ocrx_word' id='word_1_101' title='bbox 279 1804 383 1868; x_wconf 92' lang='lat' dir='ltr'>lus</span> <span class='ocrx_word' id='word_1_102' title='bbox 430 1808 689 1888; x_wconf 81' lang='lat' dir='ltr'>scripsit</span> <span class='ocrx_word' id='word_1_103' title='bbox 731 1807 780 1869; x_wconf 89' lang='lat'>¹:</span> <span class='ocrx_word' id='word_1_104' title='bbox 835 1827 871 1868; x_wconf 83' lang='grc'><strong>«</strong></span> <span class='ocrx_word' id='word_1_105' title='bbox 920 1806 1213 1888; x_wconf 88' lang='lat' dir='ltr'>altitudo,</span> <span class='ocrx_word' id='word_1_106' title='bbox 1262 1813 1329 1870; x_wconf 91' lang='lat' dir='ltr'>et</span> <span class='ocrx_word' id='word_1_107' title='bbox 1383 1806 1793 1890; x_wconf 85' lang='lat' dir='ltr'>profundum,</span> <span class='ocrx_word' id='word_1_108' title='bbox 1849 1813 1914 1872; x_wconf 89' lang='lat' dir='ltr'>et</span> <span class='ocrx_word' id='word_1_109' title='bbox 1966 1807 2323 1891; x_wconf 87' lang='lat' dir='ltr'>longitudo,</span> <span class='ocrx_word' id='word_1_110' title='bbox 2371 1815 2438 1873; x_wconf 92' lang='lat' dir='ltr'>et</span> <span class='ocrx_word' id='word_1_111' title='bbox 2483 1809 2634 1874; x_wconf 92' lang='lat' dir='ltr'>lati—</span> 
     </span>
     <span class='ocr_line' id='line_1_17' title="bbox 282 1905 2631 1994; baseline 0.003 -25"><span class='ocrx_word' id='word_1_112' title='bbox 282 1905 437 1970; x_wconf 90' lang='lat' dir='ltr'>tudo</span> <span class='ocrx_word' id='word_1_113' title='bbox 486 1928 543 1970; x_wconf 84' lang='lat'>».</span> <span class='ocrx_word' id='word_1_114' title='bbox 594 1907 787 1971; x_wconf 89' lang='lat' dir='ltr'>Nullo</span> <span class='ocrx_word' id='word_1_115' title='bbox 833 1910 1009 1971; x_wconf 88' lang='lat' dir='ltr'>enim</span> <span class='ocrx_word' id='word_1_116' title='bbox 1056 1907 1245 1972; x_wconf 90' lang='lat' dir='ltr'>modo</span> <span class='ocrx_word' id='word_1_117' title='bbox 1292 1912 1662 1972; x_wconf 89' lang='lat' dir='ltr'>mensurari</span> <span class='ocrx_word' id='word_1_118' title='bbox 1707 1915 1938 1993; x_wconf 85' lang='lat' dir='ltr'>potest,</span> <span class='ocrx_word' id='word_1_119' title='bbox 1984 1912 2134 1994; x_wconf 91' lang='lat' dir='ltr'>quia</span> <span class='ocrx_word' id='word_1_120' title='bbox 2183 1930 2406 1975; x_wconf 87' lang='lat' dir='ltr'>omnes</span> <span class='ocrx_word' id='word_1_121' title='bbox 2453 1931 2631 1976; x_wconf 87' lang='lat' dir='ltr'>men·-</span> 
     </span>
     <span class='ocr_line' id='line_1_18' title="bbox 278 2009 2632 2094; baseline 0.003 -23"><span class='ocrx_word' id='word_1_122' title='bbox 278 2028 496 2091; x_wconf 83' lang='lat' dir='ltr'>surae,</span> <span class='ocrx_word' id='word_1_123' title='bbox 546 2029 624 2074; x_wconf 93' lang='lat' dir='ltr'>eo</span> <span class='ocrx_word' id='word_1_124' title='bbox 657 2009 825 2092; x_wconf 90' lang='lat' dir='ltr'>quod</span> <span class='ocrx_word' id='word_1_125' title='bbox 854 2027 987 2073; x_wconf 90' lang='lat' dir='ltr'>non</span> <span class='ocrx_word' id='word_1_126' title='bbox 1018 2015 1455 2093; x_wconf 89' lang='lat' dir='ltr'>mensuratur,</span> <span class='ocrx_word' id='word_1_127' title='bbox 1490 2017 1974 2094; x_wconf 86' lang='lat' dir='ltr'>mensurantur,</span> <span class='ocrx_word' id='word_1_128' title='bbox 2007 2017 2073 2076; x_wconf 90' lang='lat' dir='ltr'>et</span> <span class='ocrx_word' id='word_1_129' title='bbox 2103 2031 2328 2076; x_wconf 90' lang='lat' dir='ltr'>omnes</span> <span class='ocrx_word' id='word_1_130' title='bbox 2357 2012 2632 2078; x_wconf 86' lang='lat' dir='ltr'>funiculi</span> 
     </span>
    </p>
   </div>
   <div class='ocr_carea' id='block_1_6' title="bbox 276 2109 2862 2196">
    <p class='ocr_par' dir='ltr' id='par_1_6' title="bbox 276 2109 2862 2196">
     <span class='ocr_line' id='line_1_19' title="bbox 276 2109 2862 2196; baseline 0 -22"><span class='ocrx_word' id='word_1_131' title='bbox 276 2114 622 2192; x_wconf 81' lang='lat' dir='ltr'>mensoriS,</span> <span class='ocrx_word' id='word_1_132' title='bbox 663 2109 779 2175; x_wconf 77' lang='lat' dir='ltr'>*eo</span> <span class='ocrx_word' id='word_1_133' title='bbox 818 2111 987 2195; x_wconf 89' lang='lat' dir='ltr'>quod</span> <span class='ocrx_word' id='word_1_134' title='bbox 1024 2131 1155 2175; x_wconf 91' lang='lat' dir='ltr'>non</span> <span class='ocrx_word' id='word_1_135' title='bbox 1202 2111 1695 2195; x_wconf 86' lang='lat' dir='ltr'>determinatur,</span> <span class='ocrx_word' id='word_1_136' title='bbox 1731 2112 2268 2196; x_wconf 89' lang='lat' dir='ltr'>determinantur,</span> <span class='ocrx_word' id='word_1_137' title='bbox 2303 2120 2365 2178; x_wconf 92' lang='lat' dir='ltr'>et</span> <span class='ocrx_word' id='word_1_138' title='bbox 2405 2135 2632 2180; x_wconf 87' lang='lat' dir='ltr'>omnes</span> <span class='ocrx_word' id='word_1_139' title='bbox 2727 2164 2741 2176; x_wconf 91' lang='lat'><strong>.</strong></span> <span class='ocrx_word' id='word_1_140' title='bbox 2847 2163 2862 2176; x_wconf 85' lang='lat'>.</span> 
     </span>
    </p>
   </div>
   <div class='ocr_carea' id='block_1_7' title="bbox 264 2212 2628 4445">
    <p class='ocr_par' dir='ltr' id='par_1_7' title="bbox 264 2212 2628 4445">
     <span class='ocr_line' id='line_1_20' title="bbox 276 2212 2400 2298; baseline 0.001 -20"><span class='ocrx_word' id='word_1_141' title='bbox 276 2216 614 2295; x_wconf 87' lang='lat' dir='ltr'>scientiae,</span> <span class='ocrx_word' id='word_1_142' title='bbox 664 2233 742 2278; x_wconf 90' lang='lat' dir='ltr'>eo</span> <span class='ocrx_word' id='word_1_143' title='bbox 788 2212 957 2296; x_wconf 87' lang='lat' dir='ltr'>quod</span> <span class='ocrx_word' id='word_1_144' title='bbox 1004 2217 1146 2277; x_wconf 89' lang='lat' dir='ltr'>eius</span> <span class='ocrx_word' id='word_1_145' title='bbox 1194 2218 1469 2279; x_wconf 89' lang='lat' dir='ltr'>scientia</span> <span class='ocrx_word' id='word_1_146' title='bbox 1517 2214 1774 2279; x_wconf 87' lang='lat' dir='ltr'>infinita</span> <span class='ocrx_word' id='word_1_147' title='bbox 1821 2220 1938 2298; x_wconf 90' lang='lat' dir='ltr'>est,</span> <span class='ocrx_word' id='word_1_148' title='bbox 1987 2214 2400 2281; x_wconf 85' lang='lat' dir='ltr'>definiuntur.</span> 
     </span>
     <span class='ocr_line' id='line_1_21' title="bbox 366 2315 2628 2402; baseline 0.002 -22"><span class='ocrx_word' id='word_1_149' title='bbox 366 2315 601 2380; x_wconf 88' lang='lat' dir='ltr'>Omnia</span> <span class='ocrx_word' id='word_1_150' title='bbox 648 2319 853 2380; x_wconf 89' lang='lat' dir='ltr'>vincit</span> <span class='ocrx_word' id='word_1_151' title='bbox 900 2322 965 2379; x_wconf 92' lang='lat' dir='ltr'>et</span> <span class='ocrx_word' id='word_1_152' title='bbox 1012 2321 1231 2380; x_wconf 87' lang='lat' dir='ltr'>omnia</span> <span class='ocrx_word' id='word_1_153' title='bbox 1279 2318 1362 2381; x_wconf 89' lang='lat' dir='ltr'>ab</span> <span class='ocrx_word' id='word_1_154' title='bbox 1410 2337 1489 2382; x_wconf 92' lang='lat' dir='ltr'>eo</span> <span class='ocrx_word' id='word_1_155' title='bbox 1535 2321 1906 2401; x_wconf 89' lang='lat' dir='ltr'>vincuntur,</span> <span class='ocrx_word' id='word_1_156' title='bbox 1956 2325 2146 2402; x_wconf 89' lang='lat' dir='ltr'>prout</span> <span class='ocrx_word' id='word_1_157' title='bbox 2193 2319 2376 2384; x_wconf 92' lang='lat' dir='ltr'>decet</span> <span class='ocrx_word' id='word_1_158' title='bbox 2409 2323 2628 2384; x_wconf 87' lang='lat' dir='ltr'>omnia</span> 
     </span>
     <span class='ocr_line' id='line_1_22' title="bbox 275 2420 2628 2505; baseline 0.003 -23"><span class='ocrx_word' id='word_1_159' title='bbox 275 2438 315 2482; x_wconf 88' lang='lat' dir='ltr'>a</span> <span class='ocrx_word' id='word_1_160' title='bbox 366 2420 501 2482; x_wconf 92' lang='lat' dir='ltr'>Deo</span> <span class='ocrx_word' id='word_1_161' title='bbox 547 2421 866 2503; x_wconf 88' lang='lat' dir='ltr'>superari.</span> <span class='ocrx_word' id='word_1_162' title='bbox 917 2420 1059 2502; x_wconf 89' lang='lat' dir='ltr'>Ipse</span> <span class='ocrx_word' id='word_1_163' title='bbox 1109 2420 1283 2484; x_wconf 90' lang='lat' dir='ltr'>solus</span> <span class='ocrx_word' id='word_1_164' title='bbox 1330 2423 1844 2503; x_wconf 82' lang='lat' dir='ltr'>sapientissimus</span> <span class='ocrx_word' id='word_1_165' title='bbox 1889 2427 2006 2504; x_wconf 91' lang='lat' dir='ltr'>est,</span> <span class='ocrx_word' id='word_1_166' title='bbox 2056 2425 2206 2505; x_wconf 88' lang='lat' dir='ltr'>quia</span> <span class='ocrx_word' id='word_1_167' title='bbox 2254 2424 2424 2487; x_wconf 87' lang='lat' dir='ltr'>Deus</span> <span class='ocrx_word' id='word_1_168' title='bbox 2455 2424 2628 2488; x_wconf 89' lang='lat' dir='ltr'>solus</span> 
     </span>
     <span class='ocr_line' id='line_1_23' title="bbox 274 2522 2628 2609; baseline 0.003 -25"><span class='ocrx_word' id='word_1_169' title='bbox 274 2527 377 2585; x_wconf 91' lang='lat' dir='ltr'>est</span> <span class='ocrx_word' id='word_1_170' title='bbox 422 2541 619 2604; x_wconf 91' lang='lat' dir='ltr'>super</span> <span class='ocrx_word' id='word_1_171' title='bbox 664 2524 902 2586; x_wconf 89' lang='lat' dir='ltr'>omnia.</span> <span class='ocrx_word' id='word_1_172' title='bbox 954 2522 1195 2586; x_wconf 84' lang='lat' dir='ltr'>Omnes</span> <span class='ocrx_word' id='word_1_173' title='bbox 1240 2527 1587 2586; x_wconf 89' lang='lat' dir='ltr'>creaturae</span> <span class='ocrx_word' id='word_1_174' title='bbox 1620 2523 1980 2588; x_wconf 87' lang='lat' dir='ltr'>rationales</span> <span class='ocrx_word' id='word_1_175' title='bbox 2011 2524 2095 2588; x_wconf 91' lang='lat' dir='ltr'>ab</span> <span class='ocrx_word' id='word_1_176' title='bbox 2125 2545 2204 2589; x_wconf 87' lang='lat' dir='ltr'>eo</span> <span class='ocrx_word' id='word_1_177' title='bbox 2237 2531 2628 2609; x_wconf 90' lang='lat' dir='ltr'>acceperunt</span> 
     </span>
     <span class='ocr_line' id='line_1_24' title="bbox 273 2625 2624 2711; baseline 0.002 -24"><span class='ocrx_word' id='word_1_178' title='bbox 273 2626 477 2688; x_wconf 90' lang='lat' dir='ltr'>etiam</span> <span class='ocrx_word' id='word_1_179' title='bbox 524 2629 595 2686; x_wconf 94' lang='lat' dir='ltr'>ut</span> <span class='ocrx_word' id='word_1_180' title='bbox 642 2643 791 2687; x_wconf 90' lang='lat' dir='ltr'>eum</span> <span class='ocrx_word' id='word_1_181' title='bbox 838 2627 1279 2708; x_wconf 90' lang='lat' dir='ltr'>perciperent;</span> <span class='ocrx_word' id='word_1_182' title='bbox 1332 2645 1485 2688; x_wconf 87' lang='lat' dir='ltr'>nam</span> <span class='ocrx_word' id='word_1_183' title='bbox 1532 2627 1661 2688; x_wconf 90' lang='lat' dir='ltr'>nisi</span> <span class='ocrx_word' id='word_1_184' title='bbox 1707 2625 1786 2689; x_wconf 91' lang='lat' dir='ltr'>de</span> <span class='ocrx_word' id='word_1_185' title='bbox 1833 2647 1902 2690; x_wconf 89' lang='lat' dir='ltr'>se</span> <span class='ocrx_word' id='word_1_186' title='bbox 1951 2626 2194 2710; x_wconf 89' lang='lat' dir='ltr'>aliquid</span> <span class='ocrx_word' id='word_1_187' title='bbox 2247 2628 2624 2711; x_wconf 86' lang='lat' dir='ltr'>revelasset,</span> 
     </span>
     <span class='ocr_line' id='line_1_25' title="bbox 272 2727 2628 2813; baseline 0.002 -23"><span class='ocrx_word' id='word_1_188' title='bbox 272 2731 625 2790; x_wconf 89' lang='lat' dir='ltr'>creaturae</span> <span class='ocrx_word' id='word_1_189' title='bbox 674 2727 1033 2792; x_wconf 87' lang='lat' dir='ltr'>rationales</span> <span class='ocrx_word' id='word_1_190' title='bbox 1080 2749 1229 2791; x_wconf 90' lang='lat' dir='ltr'>eum</span> <span class='ocrx_word' id='word_1_191' title='bbox 1260 2731 1445 2810; x_wconf 90' lang='lat' dir='ltr'>quasi</span> <span class='ocrx_word' id='word_1_192' title='bbox 1476 2747 1609 2793; x_wconf 90' lang='lat' dir='ltr'>non</span> <span class='ocrx_word' id='word_1_193' title='bbox 1648 2731 2071 2794; x_wconf 83' lang='lat' dir='ltr'>exsistentem</span> <span class='ocrx_word' id='word_1_194' title='bbox 2102 2730 2442 2812; x_wconf 88' lang='lat' dir='ltr'>haberent,</span> <span class='ocrx_word' id='word_1_195' title='bbox 2477 2734 2628 2813; x_wconf 87' lang='lat' dir='ltr'>quia</span> 
     </span>
     <span class='ocr_line' id='line_1_26' title="bbox 270 2827 2628 2915; baseline 0.002 -24"><span class='ocrx_word' id='word_1_196' title='bbox 270 2827 411 2892; x_wconf 88' lang='lat' dir='ltr'>Ens</span> <span class='ocrx_word' id='word_1_197' title='bbox 456 2847 826 2911; x_wconf 88' lang='lat' dir='ltr'>supremum</span> <span class='ocrx_word' id='word_1_198' title='bbox 876 2849 1033 2912; x_wconf 91' lang='lat' dir='ltr'>prae</span> <span class='ocrx_word' id='word_1_199' title='bbox 1082 2830 1379 2893; x_wconf 89' lang='lat' dir='ltr'>omnibus</span> <span class='ocrx_word' id='word_1_200' title='bbox 1426 2833 1768 2912; x_wconf 67' lang='lat' dir='ltr'>creaturis»,</span> <span class='ocrx_word' id='word_1_201' title='bbox 1801 2834 1940 2894; x_wconf 89' lang='lat' dir='ltr'>sive</span> <span class='ocrx_word' id='word_1_202' title='bbox 1973 2836 2323 2915; x_wconf 85' lang='lat' dir='ltr'>corporeiS,</span> <span class='ocrx_word' id='word_1_203' title='bbox 2359 2834 2496 2896; x_wconf 87' lang='lat' dir='ltr'>sive</span> <span class='ocrx_word' id='word_1_204' title='bbox 2529 2836 2628 2896; x_wconf 91' lang='lat' dir='ltr'>in-</span> 
     </span>
     <span class='ocr_line' id='line_1_27' title="bbox 273 2929 2627 3013; baseline 0.002 -19"><span class='ocrx_word' id='word_1_205' title='bbox 273 2932 633 3012; x_wconf 81' lang='lat' dir='ltr'>corporeiS,</span> <span class='ocrx_word' id='word_1_206' title='bbox 682 2929 1129 2994; x_wconf 85' lang='lat' dir='ltr'>absconditum</span> <span class='ocrx_word' id='word_1_207' title='bbox 1176 2937 1293 3013; x_wconf 90' lang='lat' dir='ltr'>est,</span> <span class='ocrx_word' id='word_1_208' title='bbox 1342 2937 1407 2994; x_wconf 90' lang='lat' dir='ltr'>et</span> <span class='ocrx_word' id='word_1_209' title='bbox 1452 2931 1742 2995; x_wconf 89' lang='lat' dir='ltr'>visibilia</span> <span class='ocrx_word' id='word_1_210' title='bbox 1781 2931 2184 2997; x_wconf 90' lang='lat' dir='ltr'>Invisibilem</span> <span class='ocrx_word' id='word_1_211' title='bbox 2237 2934 2462 2998; x_wconf 89' lang='lat' dir='ltr'>videre</span> <span class='ocrx_word' id='word_1_212' title='bbox 2494 2954 2627 2998; x_wconf 91' lang='lat' dir='ltr'>non</span> 
     </span>
     <span class='ocr_line' id='line_1_28' title="bbox 269 3029 2624 3119; baseline 0.002 -24"><span class='ocrx_word' id='word_1_213' title='bbox 269 3035 560 3114; x_wconf 86' lang='lat' dir='ltr'>possunt.</span> <span class='ocrx_word' id='word_1_214' title='bbox 597 3029 776 3094; x_wconf 90' lang='lat' dir='ltr'>Nihil</span> <span class='ocrx_word' id='word_1_215' title='bbox 802 3051 951 3094; x_wconf 90' lang='lat' dir='ltr'>eum</span> <span class='ocrx_word' id='word_1_216' title='bbox 980 3031 1159 3113; x_wconf 90' lang='lat' dir='ltr'>latet,</span> <span class='ocrx_word' id='word_1_217' title='bbox 1194 3032 1449 3116; x_wconf 89' lang='lat' dir='ltr'>quando</span> <span class='ocrx_word' id='word_1_218' title='bbox 1482 3035 1701 3096; x_wconf 89' lang='lat' dir='ltr'>omnia</span> <span class='ocrx_word' id='word_1_219' title='bbox 1734 3031 2008 3098; x_wconf 79' lang='lat' dir='ltr'>adduxit</span> <span class='ocrx_word' id='word_1_220' title='bbox 2037 3033 2123 3098; x_wconf 90' lang='lat' dir='ltr'>ad</span> <span class='ocrx_word' id='word_1_221' title='bbox 2153 3039 2624 3119; x_wconf 83' lang='lat' dir='ltr'>exsistentiam,</span> 
     </span>
     <span class='ocr_line' id='line_1_29' title="bbox 272 3135 2626 3221; baseline 0.003 -25"><span class='ocrx_word' id='word_1_222' title='bbox 272 3136 445 3197; x_wconf 90' lang='lat' dir='ltr'>sicut</span> <span class='ocrx_word' id='word_1_223' title='bbox 492 3139 557 3196; x_wconf 91' lang='lat' dir='ltr'>et</span> <span class='ocrx_word' id='word_1_224' title='bbox 603 3135 739 3216; x_wconf 89' lang='lat' dir='ltr'>ipse</span> <span class='ocrx_word' id='word_1_225' title='bbox 788 3135 871 3198; x_wconf 87' lang='lat' dir='ltr'>ab</span> <span class='ocrx_word' id='word_1_226' title='bbox 918 3135 1217 3198; x_wconf 89' lang='lat' dir='ltr'>omnibus</span> <span class='ocrx_word' id='word_1_227' title='bbox 1262 3135 1701 3217; x_wconf 83' lang='lat' dir='ltr'>absconditur,</span> <span class='ocrx_word' id='word_1_228' title='bbox 1759 3139 1957 3200; x_wconf 90' lang='lat' dir='ltr'>etiam</span> <span class='ocrx_word' id='word_1_229' title='bbox 2012 3141 2344 3221; x_wconf 88' lang='lat' dir='ltr'>postquam</span> <span class='ocrx_word' id='word_1_230' title='bbox 2401 3146 2626 3204; x_wconf 90' lang='lat' dir='ltr'>creata</span> 
     </span>
     <span class='ocr_line' id='line_1_30' title="bbox 270 3235 2623 3324; baseline 0.003 -25"><span class='ocrx_word' id='word_1_231' title='bbox 270 3240 443 3299; x_wconf 90' lang='lat' dir='ltr'>sunt.</span> <span class='ocrx_word' id='word_1_232' title='bbox 498 3235 667 3298; x_wconf 91' lang='lat' dir='ltr'>Deus</span> <span class='ocrx_word' id='word_1_233' title='bbox 711 3255 845 3300; x_wconf 92' lang='lat' dir='ltr'>non</span> <span class='ocrx_word' id='word_1_234' title='bbox 884 3235 1101 3300; x_wconf 87' lang='lat' dir='ltr'>deficit</span> <span class='ocrx_word' id='word_1_235' title='bbox 1132 3242 1201 3300; x_wconf 89' lang='lat' dir='ltr'>ut</span> <span class='ocrx_word' id='word_1_236' title='bbox 1234 3257 1351 3321; x_wconf 89' lang='lat' dir='ltr'>per</span> <span class='ocrx_word' id='word_1_237' title='bbox 1380 3239 1720 3302; x_wconf 89' lang='lat' dir='ltr'>scientiam</span> <span class='ocrx_word' id='word_1_238' title='bbox 1751 3244 2044 3304; x_wconf 88' lang='lat' dir='ltr'>nostram</span> <span class='ocrx_word' id='word_1_239' title='bbox 2077 3241 2623 3324; x_wconf 89' lang='lat' dir='ltr'>apprehendatur,</span> 
     </span>
     <span class='ocr_line' id='line_1_31' title="bbox 270 3339 2624 3420; baseline 0.002 -19"><span class='ocrx_word' id='word_1_240' title='bbox 270 3340 443 3401; x_wconf 90' lang='lat' dir='ltr'>sicut</span> <span class='ocrx_word' id='word_1_241' title='bbox 490 3341 554 3400; x_wconf 89' lang='lat' dir='ltr'>et</span> <span class='ocrx_word' id='word_1_242' title='bbox 584 3339 1333 3420; x_wconf 88' lang='lat' dir='ltr'>incomprehensibilitas</span> <span class='ocrx_word' id='word_1_243' title='bbox 1362 3341 1503 3403; x_wconf 87' lang='lat' dir='ltr'>eius</span> <span class='ocrx_word' id='word_1_244' title='bbox 1534 3341 1875 3403; x_wconf 87' lang='lat' dir='ltr'>scientiam</span> <span class='ocrx_word' id='word_1_245' title='bbox 1907 3344 2116 3404; x_wconf 89' lang='lat' dir='ltr'>omnis</span> <span class='ocrx_word' id='word_1_246' title='bbox 2146 3347 2490 3406; x_wconf 89' lang='lat' dir='ltr'>creaturae</span> <span class='ocrx_word' id='word_1_247' title='bbox 2531 3341 2624 3406; x_wconf 87' lang='lat' dir='ltr'>ef-</span> 
     </span>
     <span class='ocr_line' id='line_1_32' title="bbox 266 3437 2625 3526; baseline 0.003 -24"><span class='ocrx_word' id='word_1_248' title='bbox 266 3437 477 3521; x_wconf 80' lang='lat' dir='ltr'>fugit3</span> <span class='ocrx_word' id='word_1_249' title='bbox 530 3443 595 3502; x_wconf 91' lang='lat' dir='ltr'>et</span> <span class='ocrx_word' id='word_1_250' title='bbox 628 3437 777 3502; x_wconf 90' lang='lat' dir='ltr'>dum</span> <span class='ocrx_word' id='word_1_251' title='bbox 826 3440 1125 3504; x_wconf 88' lang='lat' dir='ltr'>omnibus</span> <span class='ocrx_word' id='word_1_252' title='bbox 1156 3439 1551 3504; x_wconf 88' lang='lat' dir='ltr'>naturaliter</span> <span class='ocrx_word' id='word_1_253' title='bbox 1581 3441 1996 3522; x_wconf 86' lang='lat' dir='ltr'>absconditus</span> <span class='ocrx_word' id='word_1_254' title='bbox 2041 3447 2156 3524; x_wconf 88' lang='lat' dir='ltr'>est,</span> <span class='ocrx_word' id='word_1_255' title='bbox 2192 3463 2308 3526; x_wconf 92' lang='lat' dir='ltr'>per</span> <span class='ocrx_word' id='word_1_256' title='bbox 2341 3447 2625 3526; x_wconf 86' lang='lat' dir='ltr'>gratiam</span> 
     </span>
     <span class='ocr_line' id='line_1_33' title="bbox 268 3539 2626 3629; baseline 0.003 -25"><span class='ocrx_word' id='word_1_257' title='bbox 268 3561 339 3604; x_wconf 91' lang='lat' dir='ltr'>se</span> <span class='ocrx_word' id='word_1_258' title='bbox 388 3539 767 3604; x_wconf 84' lang='lat' dir='ltr'>manifestat</span> <span class='ocrx_word' id='word_1_259' title='bbox 814 3541 1315 3625; x_wconf 89' lang='lat' dir='ltr'>quibuscumque</span> <span class='ocrx_word' id='word_1_260' title='bbox 1360 3542 1520 3624; x_wconf 90' lang='lat' dir='ltr'>vult,</span> <span class='ocrx_word' id='word_1_261' title='bbox 1568 3545 1651 3606; x_wconf 90' lang='lat' dir='ltr'>iis</span> <span class='ocrx_word' id='word_1_262' title='bbox 1705 3543 1952 3607; x_wconf 91' lang='lat' dir='ltr'>scilicet</span> <span class='ocrx_word' id='word_1_263' title='bbox 1999 3547 2108 3626; x_wconf 91' lang='lat' dir='ltr'>qui</span> <span class='ocrx_word' id='word_1_264' title='bbox 2153 3547 2330 3610; x_wconf 88' lang='lat' dir='ltr'>intra</span> <span class='ocrx_word' id='word_1_265' title='bbox 2391 3565 2626 3629; x_wconf 86' lang='lat' dir='ltr'>corpus</span> 
     </span>
     <span class='ocr_line' id='line_1_34' title="bbox 267 3644 2626 3729; baseline 0.002 -21"><span class='ocrx_word' id='word_1_266' title='bbox 267 3646 732 3727; x_wconf 87' lang='lat' dir='ltr'>passionesque</span> <span class='ocrx_word' id='word_1_267' title='bbox 780 3644 1178 3708; x_wconf 88' lang='lat' dir='ltr'>intellectum</span> <span class='ocrx_word' id='word_1_268' title='bbox 1226 3665 1457 3728; x_wconf 87' lang='lat' dir='ltr'>purum</span> <span class='ocrx_word' id='word_1_269' title='bbox 1489 3645 1834 3729; x_wconf 88' lang='lat' dir='ltr'>possident.</span> <span class='ocrx_word' id='word_1_270' title='bbox 1870 3646 2015 3710; x_wconf 89' lang='lat' dir='ltr'>Tali</span> <span class='ocrx_word' id='word_1_271' title='bbox 2045 3650 2221 3710; x_wconf 91' lang='lat' dir='ltr'>enim</span> <span class='ocrx_word' id='word_1_272' title='bbox 2267 3648 2626 3713; x_wconf 89' lang='lat' dir='ltr'>intellectui</span> 
     </span>
     <span class='ocr_line' id='line_1_35' title="bbox 266 3744 2626 3831; baseline 0.003 -23"><span class='ocrx_word' id='word_1_273' title='bbox 266 3745 443 3808; x_wconf 91' lang='lat' dir='ltr'>Deus</span> <span class='ocrx_word' id='word_1_274' title='bbox 490 3745 769 3827; x_wconf 89' lang='lat' dir='ltr'>primum</span> <span class='ocrx_word' id='word_1_275' title='bbox 825 3744 938 3810; x_wconf 90' lang='lat' dir='ltr'>dat</span> <span class='ocrx_word' id='word_1_276' title='bbox 990 3748 1299 3810; x_wconf 90' lang='lat' dir='ltr'>virtutem</span> <span class='ocrx_word' id='word_1_277' title='bbox 1353 3746 1826 3810; x_wconf 83' lang='lat' dir='ltr'>revelationem</span> <span class='ocrx_word' id='word_1_278' title='bbox 1880 3767 2064 3811; x_wconf 89' lang='lat' dir='ltr'>suam</span> <span class='ocrx_word' id='word_1_279' title='bbox 2117 3748 2497 3831; x_wconf 90' lang='lat' dir='ltr'>sustinendi,</span> <span class='ocrx_word' id='word_1_280' title='bbox 2559 3757 2626 3815; x_wconf 90' lang='lat' dir='ltr'>et</span> 
     </span>
     <span class='ocr_line' id='line_1_36' title="bbox 266 3844 2624 3930; baseline 0.003 -21"><span class='ocrx_word' id='word_1_281' title='bbox 266 3845 507 3909; x_wconf 89' lang='lat' dir='ltr'>deinde</span> <span class='ocrx_word' id='word_1_282' title='bbox 554 3866 623 3910; x_wconf 92' lang='lat' dir='ltr'>se</span> <span class='ocrx_word' id='word_1_283' title='bbox 656 3845 961 3910; x_wconf 86' lang='lat' dir='ltr'>humiliat</span> <span class='ocrx_word' id='word_1_284' title='bbox 990 3851 1061 3908; x_wconf 89' lang='lat' dir='ltr'>ut</span> <span class='ocrx_word' id='word_1_285' title='bbox 1094 3846 1177 3909; x_wconf 89' lang='lat' dir='ltr'>ab</span> <span class='ocrx_word' id='word_1_286' title='bbox 1208 3866 1287 3910; x_wconf 93' lang='lat' dir='ltr'>eo</span> <span class='ocrx_word' id='word_1_287' title='bbox 1318 3844 1638 3910; x_wconf 89' lang='lat' dir='ltr'>videatur.</span> <span class='ocrx_word' id='word_1_288' title='bbox 1688 3846 1856 3912; x_wconf 88' lang='lat' dir='ltr'>Nam</span> <span class='ocrx_word' id='word_1_289' title='bbox 1889 3849 2203 3930; x_wconf 90' lang='lat' dir='ltr'>quomodo</span> <span class='ocrx_word' id='word_1_290' title='bbox 2236 3850 2404 3914; x_wconf 91' lang='lat' dir='ltr'>Deus</span> <span class='ocrx_word' id='word_1_291' title='bbox 2451 3855 2624 3916; x_wconf 78' lang='lat' dir='ltr'>exsi-</span> 
     </span>
     <span class='ocr_line' id='line_1_37' title="bbox 266 3948 2624 4034; baseline 0.003 -22"><span class='ocrx_word' id='word_1_292' title='bbox 266 3953 420 4029; x_wconf 91' lang='lat' dir='ltr'>stat,</span> <span class='ocrx_word' id='word_1_293' title='bbox 470 3948 683 4031; x_wconf 90' lang='lat' dir='ltr'>qualis</span> <span class='ocrx_word' id='word_1_294' title='bbox 730 3951 813 4011; x_wconf 89' lang='lat' dir='ltr'>sit</span> <span class='ocrx_word' id='word_1_295' title='bbox 860 3953 925 4012; x_wconf 94' lang='lat' dir='ltr'>et</span> <span class='ocrx_word' id='word_1_296' title='bbox 978 3949 1091 4012; x_wconf 90' lang='lat' dir='ltr'>ubi</span> <span class='ocrx_word' id='word_1_297' title='bbox 1136 3951 1238 4030; x_wconf 87' lang='lat' dir='ltr'>sit,</span> <span class='ocrx_word' id='word_1_298' title='bbox 1294 3948 1475 4012; x_wconf 92' lang='lat' dir='ltr'>nulla</span> <span class='ocrx_word' id='word_1_299' title='bbox 1530 3955 1837 4013; x_wconf 89' lang='lat' dir='ltr'>creatura</span> <span class='ocrx_word' id='word_1_300' title='bbox 1883 3948 2109 4014; x_wconf 88' lang='lat' dir='ltr'>videre</span> <span class='ocrx_word' id='word_1_301' title='bbox 2159 3957 2382 4034; x_wconf 88' lang='lat' dir='ltr'>potest.</span> <span class='ocrx_word' id='word_1_302' title='bbox 2439 3953 2624 4025; x_wconf 85' lang='lat' dir='ltr'>Quod</span> 
     </span>
     <span class='ocr_line' id='line_1_38' title="bbox 271 4049 2623 4134; baseline 0.003 -20"><span class='ocrx_word' id='word_1_303' title='bbox 271 4053 332 4114; x_wconf 90' lang='lat' dir='ltr'>si</span> <span class='ocrx_word' id='word_1_304' title='bbox 376 4049 713 4114; x_wconf 87' lang='lat' dir='ltr'>videbitur</span> <span class='ocrx_word' id='word_1_305' title='bbox 759 4050 843 4114; x_wconf 91' lang='lat' dir='ltr'>ab</span> <span class='ocrx_word' id='word_1_306' title='bbox 890 4053 987 4114; x_wconf 91' lang='lat' dir='ltr'>eis</span> <span class='ocrx_word' id='word_1_307' title='bbox 1030 4071 1189 4134; x_wconf 89' lang='lat' dir='ltr'>quos</span> <span class='ocrx_word' id='word_1_308' title='bbox 1234 4051 1392 4116; x_wconf 86' lang='lat' dir='ltr'>dicit</span> <span class='ocrx_word' id='word_1_309' title='bbox 1438 4051 1712 4116; x_wconf 90' lang='lat' dir='ltr'>mundos</span> <span class='ocrx_word' id='word_1_310' title='bbox 1757 4051 1972 4133; x_wconf 90' lang='lat' dir='ltr'>corde,</span> <span class='ocrx_word' id='word_1_311' title='bbox 2021 4052 2120 4116; x_wconf 91' lang='lat' dir='ltr'>illi</span> <span class='ocrx_word' id='word_1_312' title='bbox 2152 4055 2623 4120; x_wconf 88' lang='lat' dir='ltr'>revelationem</span> 
     </span>
     <span class='ocr_line' id='line_1_39' title="bbox 264 4153 2622 4239; baseline 0.003 -23"><span class='ocrx_word' id='word_1_313' title='bbox 264 4155 411 4216; x_wconf 89' lang='lat' dir='ltr'>eius</span> <span class='ocrx_word' id='word_1_314' title='bbox 460 4155 759 4236; x_wconf 88' lang='lat' dir='ltr'>accipere</span> <span class='ocrx_word' id='word_1_315' title='bbox 808 4157 1112 4236; x_wconf 89' lang='lat' dir='ltr'>poterunt</span> <span class='ocrx_word' id='word_1_316' title='bbox 1158 4155 1309 4236; x_wconf 91' lang='lat' dir='ltr'>quia</span> <span class='ocrx_word' id='word_1_317' title='bbox 1355 4155 1493 4236; x_wconf 89' lang='lat' dir='ltr'>ipse</span> <span class='ocrx_word' id='word_1_318' title='bbox 1538 4173 1609 4217; x_wconf 86' lang='lat' dir='ltr'>se</span> <span class='ocrx_word' id='word_1_319' title='bbox 1662 4153 2034 4218; x_wconf 88' lang='lat' dir='ltr'>humiliabit</span> <span class='ocrx_word' id='word_1_320' title='bbox 2085 4160 2149 4218; x_wconf 91' lang='lat' dir='ltr'>et</span> <span class='ocrx_word' id='word_1_321' title='bbox 2195 4159 2317 4239; x_wconf 89' lang='lat' dir='ltr'>ipsi</span> <span class='ocrx_word' id='word_1_322' title='bbox 2364 4157 2622 4222; x_wconf 85' lang='lat' dir='ltr'>confor-</span> 
     </span>
     <span class='ocr_line' id='line_1_40' title="bbox 268 4254 2622 4341; baseline 0.002 -22"><span class='ocrx_word' id='word_1_323' title='bbox 268 4256 607 4319; x_wconf 89' lang='lat' dir='ltr'>tabuntur.</span> <span class='ocrx_word' id='word_1_324' title='bbox 658 4254 851 4318; x_wconf 87' lang='lat' dir='ltr'>Nulla</span> <span class='ocrx_word' id='word_1_325' title='bbox 899 4257 1073 4318; x_wconf 88' lang='lat' dir='ltr'>enim</span> <span class='ocrx_word' id='word_1_326' title='bbox 1120 4259 1425 4319; x_wconf 87' lang='lat' dir='ltr'>creatura</span> <span class='ocrx_word' id='word_1_327' title='bbox 1464 4254 1848 4320; x_wconf 88' lang='lat' dir='ltr'>Creatorem</span> <span class='ocrx_word' id='word_1_328' title='bbox 1880 4255 2108 4320; x_wconf 89' lang='lat' dir='ltr'>videre</span> <span class='ocrx_word' id='word_1_329' title='bbox 2140 4263 2350 4341; x_wconf 92' lang='lat' dir='ltr'>potest</span> <span class='ocrx_word' id='word_1_330' title='bbox 2378 4263 2507 4323; x_wconf 90' lang='lat' dir='ltr'>nisi</span> <span class='ocrx_word' id='word_1_331' title='bbox 2539 4262 2622 4325; x_wconf 93' lang='lat' dir='ltr'>ab</span> 
     </span>
     <span class='ocr_line' id='line_1_41' title="bbox 266 4355 2623 4445; baseline 0.002 -25"><span class='ocrx_word' id='word_1_332' title='bbox 266 4377 349 4420; x_wconf 91' lang='lat' dir='ltr'>eo</span> <span class='ocrx_word' id='word_1_333' title='bbox 395 4360 713 4420; x_wconf 88' lang='lat' dir='ltr'>virtutem</span> <span class='ocrx_word' id='word_1_334' title='bbox 760 4357 844 4422; x_wconf 91' lang='lat' dir='ltr'>ad</span> <span class='ocrx_word' id='word_1_335' title='bbox 891 4357 1015 4422; x_wconf 92' lang='lat' dir='ltr'>hoc</span> <span class='ocrx_word' id='word_1_336' title='bbox 1062 4359 1357 4440; x_wconf 87' lang='lat' dir='ltr'>accipiat.</span> <span class='ocrx_word' id='word_1_337' title='bbox 1408 4356 1629 4440; x_wconf 89' lang='lat' dir='ltr'>Neque</span> <span class='ocrx_word' id='word_1_338' title='bbox 1675 4355 1934 4440; x_wconf 88' lang='lat' dir='ltr'>Angeli,</span> <span class='ocrx_word' id='word_1_339' title='bbox 1969 4377 2176 4441; x_wconf 85' lang='lat' dir='ltr'>neque</span> <span class='ocrx_word' id='word_1_340' title='bbox 2209 4367 2468 4426; x_wconf 91' lang='lat' dir='ltr'>ceterae</span> <span class='ocrx_word' id='word_1_341' title='bbox 2495 4365 2623 4445; x_wconf 89' lang='lat' dir='ltr'>spi-</span> 
     </span>
    </p>
   </div>
   <div class='ocr_carea' id='block_1_8' title="bbox 362 4578 1055 4646">
    <p class='ocr_par' dir='ltr' id='par_1_8' title="bbox 362 4578 1055 4646">
     <span class='ocr_line' id='line_1_42' title="bbox 362 4578 1055 4646; baseline -0.001 -14"><span class='ocrx_word' id='word_1_342' title='bbox 362 4579 379 4609; x_wconf 80' lang='lat'>¹</span> <span class='ocrx_word' id='word_1_343' title='bbox 418 4579 533 4632; x_wconf 83' lang='lat' dir='ltr'>Cfr.</span> <span class='ocrx_word' id='word_1_344' title='bbox 576 4578 809 4646; x_wconf 72' lang='lat' dir='ltr'>Ephes„</span> <span class='ocrx_word' id='word_1_345' title='bbox 848 4591 928 4638; x_wconf 88' lang='lat'>111,</span> <span class='ocrx_word' id='word_1_346' title='bbox 973 4579 1055 4632; x_wconf 88' lang='lat'>18.</span> 
     </span>
    </p>
   </div>
  </div>
 </body>
</html>
