3400 5642
520 3180 577 3237 p.
609 3167 730 3221 112.

1778 564 1891 649 4⁴(
1936 562 2022 627 86
2069 564 2182 649 Ἠ-

801 704 871 770 Si
917 704 1084 771 duae
1131 710 1300 788 sunt,
1325 711 1636 791 quantum
1681 704 1879 771 distat
1922 725 2057 771 una
2102 705 2187 771 ab
2232 704 2489 771 altera?
2536 706 2703 771 Num
2742 711 2809 771 in
2843 710 2945 773 eis
2974 710 3135 775 solae

801 810 1080 873 virtutes
1124 805 1440 873 caelestes
1487 807 1829 873 habitant?
1876 807 2253 889 Praeterea,
2303 828 2423 874 cur
2465 829 2784 893 personae
2822 813 3137 895 incompo-

801 914 966 975 sitae
1013 909 1298 995 aliquam
1344 910 1570 975 urbem
1619 908 2003 994 requith
2052 910 2133 975 Et
2162 912 2221 975 si
2250 912 2319 974 in
2350 909 2633 976 diversis
2664 914 3047 996 regionibus
3080 914 3139 977 hi

799 1012 1066 1078 ordines
1111 1012 1432 1095 habitant,
1482 1032 1608 1097 qua
1656 1014 1913 1078 ratione
1959 1016 2260 1097 putamus
2288 1010 2453 1077 fines
2482 1032 2711 1078 earum
2742 1015 2827 1079 ab
2868 1018 3137 1080 invicem

798 1114 1046 1181 dividi?
1093 1116 1216 1181 Ubi
1261 1117 1542 1199 positum
1589 1120 1688 1179 est
1732 1113 2055 1199 regnum?
2092 1114 2176 1179 Et
2205 1134 2487 1199 rursum,
2521 1117 2635 1181 ubi
2664 1122 2763 1181 est
2796 1117 3131 1201 gehenna&

797 1218 1102 1283 Potestne
1149 1216 1502 1282 discrimen
1547 1216 1841 1281 locorum
1888 1218 2161 1301 agnosci
2203 1220 2274 1281 in
2320 1217 2464 1283 loco
2494 1217 2775 1302 simplici
2804 1224 2871 1283 et
2901 1222 3137 1284 incom-

793 1318 1046 1404 posito?
1091 1317 1318 1392 Qualis
1364 1324 1462 1383 est
1507 1321 1758 1403 species
1802 1318 1969 1385 lucis
2012 1338 2177 1403 quae
2224 1320 2317 1385 ibi
2364 1320 2618 1385 oritur?
2666 1320 2899 1386 Utrum
2944 1325 3138 1387 sensi-

791 1421 944 1486 bilis
997 1441 1083 1487 an
1143 1420 1606 1486 intellectualis
1665 1420 1962 1485 tantum?
2016 1420 2087 1485 Si
2146 1422 2611 1487 intellectualis
2662 1424 2765 1505 sit,
2828 1423 3138 1507 quomodo

793 1524 964 1591 oculi
1009 1527 1080 1589 in
1131 1542 1404 1608 corpore
1459 1524 1652 1607 positi
1706 1542 1825 1607 per
1876 1543 2023 1589 eam
2075 1523 2305 1589 videre
2360 1524 2670 1609 possunt?
2724 1525 2907 1607 Item,
2944 1546 3137 1610 quare

791 1627 1232 1693 habitationes
1283 1628 1602 1690 iustorum
1657 1624 2087 1691 tabernacula
2138 1628 2515 1691 nominatae
2568 1633 2721 1691 sunt
2772 1632 2837 1692 et
2890 1630 2965 1691 in
3020 1628 3139 1693 alio

789 1730 934 1796 loco
979 1728 1392 1795 mansiones?
1426 1726 1494 1793 Si
1523 1728 1953 1793 tabernacula
1984 1732 2133 1811 sint,
2168 1728 2484 1814 quomodo
2516 1732 2586 1793 in
2626 1735 2975 1795 aeternum
3005 1751 3143 1815 per-

791 1832 1181 1898 manebunt?
1226 1831 1452 1904 Qualis
1498 1836 1596 1895 est
1641 1830 1937 1897 Ecclesia
1986 1831 2101 1896 illa
2132 1834 2203 1896 in
2247 1852 2375 1916 qua
2406 1837 2554 1896 sunt
2592 1854 2629 1895 α
2663 1836 3091 1917 primogeniti
3125 1832 3139 1874 ¹

789 1938 858 1999 in
904 1933 1106 2000 caelis
1149 1936 1502 2018 conscripti
1533 1932 1617 1997 »ἓ
1663 1932 1789 1998 Ubi
1834 1932 2083 2017 degunt
2126 1936 2387 1999 animae
2434 1937 2753 1999 iustorum
2808 1933 3143 2000 defuncto-

791 2034 980 2101 rum?
1027 2036 1132 2099 An
1178 2038 1248 2100 in
1291 2034 1491 2099 Sion?
1539 2054 1626 2099 an
1671 2036 1741 2097 in
1787 2032 2187 2099 Ierusalem?
2234 2054 2322 2099 an
2366 2037 2438 2099 in
2483 2036 2646 2100 urbe
2694 2055 2858 2119 quae
2903 2042 3141 2101 vocata

789 2146 888 2205 est
909 2138 1205 2203 Ecclesia
1234 2136 1866 2221 primogenitorum?
1898 2156 1985 2201 an
2016 2138 2085 2201 in
2108 2136 2427 2202 Paradiso
2458 2137 2631 2202 unde
2664 2140 2913 2222 primus
2945 2137 3141 2203 homo

788 2260 1094 2327 egressus
1139 2239 1278 2305 est?
1325 2240 1556 2305 Utrum
1589 2242 1658 2304 in
1689 2245 1909 2305 monte
1942 2237 2287 2305 aedificata
2318 2246 2417 2305 est
2447 2239 2625 2324 Sion,
2657 2260 2743 2306 an
2776 2244 2915 2326 ipse
2954 2262 3142 2306 mons

787 2348 880 2410 ita
926 2348 1198 2409 vocatus
1243 2340 1384 2407 est?

874 2446 1108 2511 Omnia
1153 2445 1320 2509 haec
1365 2444 1623 2530 aliaque
1687 2443 2059 2509 huiusmodi
2104 2446 2175 2509 in
2228 2444 2446 2509 Libris
2506 2447 2915 2529 consignata,
2964 2446 3141 2510 unde

785 2552 986 2615 etiam
1031 2568 1112 2613 ea
1157 2548 1519 2631 didicimus,
1552 2546 1715 2612 fides
1758 2568 1844 2613 ex
1892 2548 2115 2613 auditu
2164 2551 2433 2633 accepit,
2467 2553 2533 2613 et
2564 2546 2851 2613 affirmat
2884 2555 3143 2613 tantum

787 2670 866 2715 ea
899 2653 1238 2733 exsistere,
1273 2649 1387 2715 sed
1417 2670 1644 2715 eorum
1675 2652 1969 2715 rationes
1998 2668 2130 2715 non
2176 2652 2565 2735 investigat;
2614 2669 2738 2715 nec
2768 2652 3006 2714 nititur
3040 2671 3141 2733 ea,

786 2754 1084 2819 sensibus
1126 2756 1196 2817 in
1243 2771 1518 2837 corpore
1564 2754 1791 2837 positis
1820 2752 1929 2817 vel
1960 2752 2469 2836 cogitationibus
2492 2772 2656 2837 quae
2690 2772 2809 2837 per
2840 2754 3143 2817 membra

786 2859 1180 2937 excitantur,
1229 2874 1392 2938 quae
1440 2856 1765 2938 penitiora
1811 2858 1963 2918 sunt
2006 2854 2304 2918 sensibus
2350 2860 2415 2919 et
2460 2854 2991 2937 cogitationibuS,
3031 2875 3145 2939 ap—

787 2956 1212 3043 prehendere.
1239 2955 1344 3039 At,
1379 2977 1457 3021 eo
1483 2955 1648 3040 quod
1673 2975 1753 3021 ea
1777 2955 2167 3039 intellegere
2196 2974 2331 3020 non
2354 2954 2553 3039 valet,
2586 2976 2733 3021 eam
2772 2976 2906 3020 non
2936 2958 3142 3041 pudet

786 3061 1240 3124 exsistentiam
1284 3061 1558 3122 istorum
1605 3060 1921 3141 accipere.
1970 3056 2073 3139 Et,
2120 3063 2191 3121 ut
2236 3058 2505 3122 brevius
2566 3056 2799 3139 dicam,
2856 3058 3143 3122 mundus

786 3159 954 3243 *ille,
1002 3165 1144 3245 post
1189 3160 1363 3225 hunc
1409 3158 1823 3241 revelanduS,
1872 3162 1980 3243 qui
2026 3162 2225 3223 etiam
2272 3158 2549 3224 mundus
2577 3158 2839 3224 futurus
2868 3158 3003 3224 dici
3038 3181 3143 3225 so-

786 3263 894 3347 let,
943 3266 1228 3348 penitior
1271 3267 1370 3327 est
1415 3260 1757 3326 elementis
1802 3261 2217 3327 sensibilibus
2264 3266 2329 3325 et
2374 3262 2759 3346 corporibus
2810 3265 3144 3347 corrupti-

786 3366 1056 3442 bilibus;
1121 3370 1186 3431 et
1247 3367 1466 3429 omnia
1513 3382 1676 3449 quae
1724 3366 1795 3427 in
1839 3383 1919 3429 eo
1980 3370 2128 3428 sunt
2180 3364 2567 3448 spiritaliter
2627 3371 3141 3448 cognoscuntur,

786 3488 933 3533 cum
980 3468 1073 3531 ibi
1115 3485 1248 3531 non
1295 3469 1425 3530 sint
1471 3484 1768 3549 corpora,
1816 3485 1939 3530 nec
1984 3485 2093 3529 res
2138 3468 2553 3549 compositae,
2600 3484 2723 3530 nec
2756 3463 2961 3546 sedeS,
3016 3486 3145 3531 nec

786 3572 1030 3636 limites
1074 3570 1304 3655 quibus
1349 3570 1660 3653 regiones
1706 3566 2101 3633 dividantur.
2151 3566 2315 3631 Cum
2360 3567 2639 3632 mundus
2682 3570 2805 3633 iste
2851 3568 3013 3634 talis
3060 3574 3146 3633 sit

785 3679 856 3737 ut
903 3675 1176 3737 scientia
1222 3670 1510 3735 humana
1555 3669 1855 3753 intellegi
1900 3690 2033 3735 non
2079 3673 2297 3755 possit,
2345 3668 2505 3735 fides
2550 3689 2719 3753 eum,
2769 3673 2959 3735 sicuti
3022 3678 3141 3755 est,

787 3773 1236 3859 apprehendit.

874 3877 956 3940 Et
1002 3895 1283 3958 rursum,
1331 3874 1484 3958 quid
1530 3874 1819 3940 dicemus
1865 3874 1945 3939 de
1991 3878 2201 3959 signis
2228 3894 2395 3959 quae
2427 3895 2467 3939 a
2490 3874 2825 3959 prophetis
2855 3880 2921 3939 et
2944 3878 3145 3939 iustis

786 3985 852 4043 et
898 3998 1016 4062 per
1059 3976 1334 4061 Moysen
1379 3996 1712 4061 magnum,
1760 3981 2021 4061 patrata
2068 3976 2260 4041 sunt?
2307 3977 2471 4041 Nam
2519 3983 2584 4041 et
2630 3980 2757 4042 ista
2789 3997 2906 4061 per
2934 3975 3143 4041 fidem

785 4086 1039 4146 tantum
1085 4082 1295 4163 accipi
1339 4085 1621 4163 possunt.
1672 4078 1857 4151 Quod
1902 4081 1979 4160 si,
2026 4077 2151 4144 fide
2198 4082 2499 4163 seposita,
2546 4079 2713 4145 haec
2759 4100 2879 4163 per
2920 4082 3147 4144 scien-

783 4186 944 4247 tiam
1003 4188 1257 4247 tantum
1305 4201 1344 4245 a
1389 4181 1578 4246 nobis
1639 4183 2125 4263 examinantur,
2172 4185 2431 4265 captum
2492 4180 2859 4246 intellectus
2918 4184 3145 4245 nostri

785 4282 1121 4367 effugiunt.
1171 4282 1505 4355 Quomodo
1549 4283 1738 4367 lapiS,
1788 4281 1865 4347 de
1914 4288 2130 4347 monte
2178 4282 2519 4365 absciSSUS,
2553 4303 2701 4347 cum
2753 4287 3146 4366 portaretur

786 4392 851 4451 et
897 4390 1274 4451 circumiret
1321 4406 1470 4451 cum
1514 4385 1769 4470 populo,
1796 4385 2179 4469 ubicumque
2206 4388 2451 4469 positus
2473 4385 2615 4467 fuit,
2650 4385 2861 4450 subito
2895 4404 3139 4469 aquam

877 4610 892 4638 ¹
933 4609 1126 4675 Hebr.,
1161 4622 1266 4666 111.
1304 4607 1391 4661 23.

3180 1647 3213 1690 lo

3184 2157 3221 2201 15

3186 2666 3225 2709 ’Ἀ

3192 3689 3233 3733 3⁰

3192 4200 3239 4245 85
