3400 5642
232 1625 285 1670 10

232 2135 285 2180 15

232 4175 293 4220 35

1294 545 1405 625 vx(
1456 540 1585 604 125
1631 543 1742 626 >x-

340 704 491 748 cum
535 682 749 748 factus
795 689 893 748 est
939 703 1115 766 car0,
1165 683 1289 748 hoc
1334 685 1459 767 ipsi
1503 682 1870 765 tribuimus,
1918 702 2051 747 non
2081 689 2302 748 autem
2334 685 2696 767 cogitamus

340 785 544 849 alium
590 785 835 850 factum
880 805 1023 850 esse
1071 804 1338 850 carnem
1384 790 1499 848 aut
1544 784 1895 868 hominem,
1945 805 2154 869 quem,
2201 791 2272 849 ut
2325 785 2398 848 hi
2454 784 2694 867 dicunt,

337 887 637 951 Verbum
682 890 1125 972 assumpserit.

432 991 602 1054 Deus
647 992 821 1053 enim
840 1053 845 1058 ,
867 1008 1001 1054 non
1048 991 1395 1074 assumpsit
1440 989 1772 1053 hominem
1819 989 2350 1074 qualemcumque
2399 992 2470 1054 in
2508 995 2697 1055 utero

338 1090 713 1172 formatum,
760 1094 831 1156 in
878 1111 1021 1176 quc,
1070 1094 1237 1156 sicut
1282 1093 1352 1154 in
1396 1111 1528 1155 uno
1574 1109 1660 1154 ex
1708 1093 1914 1173 iustiS,
1972 1091 2331 1167 habitavit;
2398 1090 2512 1156 sed
2560 1094 2697 1176 ipse

339 1193 555 1257 factus
585 1198 683 1257 est
712 1190 944 1258 *homo
976 1193 1215 1276 absque
1247 1195 1628 1273 mutatione,
1652 1194 1840 1256 iuxta
1871 1192 2146 1256 verbum
2178 1192 2493 1277 Apostoli.
2529 1191 2696 1258 Nam
2793 1234 2807 1248 ·

338 1295 587 1359 Paulus
632 1295 711 1360 de
758 1294 1041 1380 Christo,
1090 1314 1279 1379 quem
1328 1293 1737 1378 praedicavit
1787 1316 1823 1357 «
1857 1295 2063 1358 Deum
2101 1314 2296 1378 super
2327 1298 2548 1360 omnia
2576 1298 2598 1335 ¹
2635 1316 2697 1378 »,

339 1401 409 1460 et
459 1419 495 1460 «
521 1397 723 1460 Deum
755 1415 1065 1480 magnum
1091 1418 1149 1479 »,
1198 1393 1579 1460 testificatus
1624 1401 1723 1460 est
1754 1395 1977 1460 dicens
2001 1395 2059 1460 2:
2115 1415 2152 1460 ‹
2175 1395 2318 1480 Ipse
2351 1417 2471 1461 nos
2505 1397 2694 1462 rede-

340 1501 465 1562 mit
508 1498 587 1563 de
634 1497 979 1563 maledicto
1010 1498 1195 1583 legi8‚
1222 1501 1371 1583 quia
1417 1496 1629 1562 factus
1660 1503 1759 1562 est
1804 1517 1922 1582 pro
1952 1499 2142 1564 nobis
2189 1499 2605 1565 maledictum
2633 1521 2693 1564 ».

342 1599 434 1665 Εῖ
466 1601 617 1666 dum
648 1601 975 1666 Iohannes
1006 1604 1305 1686 superius
1334 1603 1593 1684 scripsit
1623 1600 1917 1665 Verbum
1949 1621 2216 1666 carnem
2258 1601 2502 1668 factum
2535 1623 2696 1686 esse,

340 1703 589 1768 Paulus
620 1704 728 1768 hic
752 1703 921 1768 dixit
942 1702 1294 1786 Christum,
1321 1704 1525 1768 Deum
1556 1722 1866 1786 magnum
1897 1708 1964 1768 et
1994 1703 2198 1768 Deum
2229 1723 2426 1789 super
2457 1707 2697 1787 omnia,

339 1804 591 1870 factum
616 1825 755 1870 esse
780 1825 899 1891 pro
922 1805 1111 1870 nobis
1133 1805 1568 1870 maledictum.
1604 1805 1727 1870 Hic
1757 1810 1856 1869 est
1887 1824 2050 1889 ergo
2081 1806 2437 1870 verborum
2471 1826 2702 1871 sensus

338 1928 469 1972 nec
514 1907 699 1972 decet
744 1927 825 1972 ea
871 1908 1067 1972 aliter
1114 1911 1559 1992 interpretari.
1610 1907 1890 1990 Etenim,
1919 1906 2096 1972 aliud
2143 1907 2368 1992 legere
2409 1915 2476 1973 et
2521 1909 2702 1974 aliud

340 2011 733 2095 intellegere
780 2010 952 2075 idem
1000 2016 1099 2074 est
1146 2029 1224 2075 ac
1270 2013 1511 2094 scripta
1558 2009 1779 2074 delere
1827 2010 2082 2094 aliaque
2114 2011 2498 2095 subrogare.
2534 2011 2699 2076 Nam

341 2116 806 2198 interpretatio
835 2114 1105 2178 lectioni
1129 2116 1464 2178 contraria
1490 2113 1836 2178 lectionem
1859 2113 2042 2201 foras
2065 2113 2333 2198 expellit
2363 2119 2429 2177 et
2454 2114 2700 2198 aliquid

340 2215 681 2279 diversum
725 2215 1101 2280 introducit.
1166 2214 1236 2279 Si
1289 2218 1429 2300 quis
1473 2235 1637 2280 vero
1684 2213 1890 2279 dicat:
1955 2214 2124 2279 Ecce
2171 2220 2320 2279 sunt
2365 2218 2436 2279 in
2481 2215 2702 2280 Libris

340 2321 593 2382 sanctis
615 2318 819 2381 verba
845 2337 1009 2402 quae
1041 2338 1174 2382 non
1206 2317 1633 2401 intelligenda
1667 2322 1817 2381 sunt
1846 2322 1918 2381 ut
1943 2317 2270 2400 leguntur,
2297 2320 2465 2382 sicut
2498 2318 2696 2383 haec:

346 2441 385 2484 ⁴<
423 2420 733 2483 Dominus
778 2438 981 2503 aegre
1029 2419 1177 2484 tulit
1217 2424 1281 2484 et
1313 2439 1462 2484 eum
1508 2421 1828 2502 paenituit
1853 2417 1878 2460 3
1913 2441 1972 2502 »,
2021 2424 2134 2484 aut
2165 2419 2366 2484 haec:
2420 2441 2456 2482 «
2489 2419 2702 2484 Inter-

341 2524 645 2606 rogavit:
681 2521 804 2586 Ubi
836 2541 908 2586 es
937 2527 1026 2605 tu,
1060 2520 1316 2586 Adam?
1348 2522 1368 2564 ⁴
1407 2542 1467 2604 »,
1502 2526 1645 2586 aut:
1686 2541 1724 2584 «
1757 2521 2031 2606 Moysen
2063 2524 2354 2606 rogavit:
2405 2520 2573 2594 Quid
2604 2528 2702 2586 est

344 2625 477 2688 hoc
501 2622 669 2708 quod
693 2623 898 2688 habes
920 2625 989 2688 in
1014 2643 1211 2688 manu
1236 2622 1393 2688 tua?
1420 2623 1445 2666 ⁵
1472 2646 1531 2705 »,
1565 2628 1679 2687 aut
1710 2626 1876 2688 sicut
1905 2623 2022 2688 illa
2055 2643 2218 2708 quae
2255 2623 2338 2688 ad
2361 2623 2700 2688 Abraham

342 2727 550 2791 dixit:
606 2746 642 2790 «
675 2725 1075 2791 Descendam
1120 2732 1188 2790 et
1232 2725 1469 2790 videbo
1496 2725 1520 2768 6
1554 2747 1615 2808 »,
1680 2731 1795 2790 aut
1842 2726 1972 2790 alia
2021 2746 2061 2791 a
2108 2725 2442 2810 prophetis
2488 2725 2692 2790 dicta:

347 2850 386 2893 ⁴<
422 2829 596 2892 Deus
642 2827 1036 2893 obdormivit
1082 2834 1147 2893 et
1194 2831 1485 2892 surrexit
1513 2830 1535 2868 ⁷
1571 2849 1645 2904 »;
1701 2848 1738 2892 «
1769 2829 2115 2894 inclinavit
2147 2847 2372 2893 aurem
2421 2849 2606 2893 suam
2637 2834 2703 2892 et

344 2929 605 2996 audivit
630 2929 655 2974 8
688 2951 748 3006 »,
819 2952 855 2993 «
888 2933 1143 3014 aperuit
1190 2930 1411 2995 oculos
1458 2950 1609 2994 suos
1641 2936 1708 2994 et
1752 2928 1917 2993 vidit
1948 2951 2022 3006 »3
2073 2935 2139 2995 et
2193 2950 2229 2994 «
2264 2929 2574 2995 odoratus
2605 2935 2703 2993 est

344 3031 620 3098 odorem
642 3032 1006 3097 holocausti
1023 3031 1049 3076 9
1071 3054 1130 3107 »,
1161 3053 1197 3097 «
1216 3035 1354 3114 ivit,
1374 3035 1589 3109 venit;
1618 3031 1970 3115 descendit,
1991 3032 2359 3109 adscendit3
2386 3031 2704 3116 fatigatus

344 3140 469 3218 est,
518 3136 843 3219 requievit
876 3155 949 3211 »;
1000 3137 1163 3199 sciat
1194 3134 1305 3198 ille
1342 3134 1501 3199 hoc:
1554 3154 1590 3198 «
1615 3134 1908 3199 Verbum
1939 3154 2098 3199 caro
2128 3134 2380 3199 factum.
2421 3139 2518 3199 est
2552 3155 2587 3197 »
2639 3139 2704 3198 et

344 3241 573 3301 cetera
605 3255 769 3320 quae
802 3241 1179 3319 sequuntur,
1208 3241 1273 3301 et
1304 3239 1503 3300 etiam
1545 3235 1738 3300 illud:
1793 3257 1828 3298 <
1861 3235 2163 3300 Christus
2193 3233 2406 3300 factus
2436 3240 2534 3300 est
2566 3254 2703 3299 ma-

343 3337 659 3402 ledictum
693 3358 756 3417 ³»,
788 3339 933 3401 istis
963 3356 1096 3401 non
1127 3356 1267 3402 esse
1301 3337 1560 3402 similia.
1596 3337 1858 3401 Etenim
1889 3356 2105 3421 supra,
2144 3337 2368 3400 verbis
2397 3336 2702 3400 humanis

346 3442 646 3505 actiones
692 3438 976 3521 divinae,
1026 3459 1189 3524 quae
1236 3459 1371 3504 non
1416 3443 1774 3524 potuissent
1821 3439 2017 3503 aliter
2060 3441 2387 3522 cognosci,
2428 3437 2705 3502 manife-

346 3546 644 3617 stantum
693 3541 801 3606 hic
850 3546 1067 3605 autem
1098 3541 1324 3623 verba,
1358 3561 1523 3625 quae
1555 3540 1979 3605 manifestant
2009 3539 2077 3604 id
2107 3538 2274 3624 quod
2306 3538 2550 3604 factum
2583 3545 2700 3622 est,

348 3643 438 3708 ad
471 3642 903 3708 ostendendas
950 3663 1075 3725 reS,
1126 3663 1290 3728 quae
1338 3663 1574 3708 revera
1621 3642 1835 3708 factae
1883 3648 2033 3706 sunt
2078 3641 2488 3723 adhibentur,
2537 3661 2702 3726 quae

347 3765 481 3828 reS,
514 3750 585 3808 ut
632 3751 826 3829 patet,
876 3745 1097 3809 verbis
1143 3749 1397 3830 priores
1442 3750 1608 3810 sunt.
1636 3745 1950 3810 ⁴Verbum
1998 3747 2172 3808 enim
2233 3746 2414 3827 prius
2458 3742 2703 3808 factum

348 3852 453 3912 est
506 3866 663 3911 caro
711 3852 775 3911 et
822 3849 1019 3912 etiam
1080 3847 1515 3929 maledictum,
1566 3852 1631 3911 et
1678 3845 1912 3911 deinde
1959 3846 2288 3910 Iohannes
2349 3852 2414 3910 et
2460 3845 2704 3910 Paulus

347 3948 580 4026 verba,
614 3949 843 4032 quibus
890 3968 997 4013 res
1042 3949 1376 4013 revelatae
1424 3955 1591 4032 sunt,
1642 3949 2112 4013 clamaverunt.

444 4047 621 4114 Sciat
665 4049 1056 4132 haereticuS,
1105 4053 1162 4114 si
1223 4054 1401 4134 putet
1462 4050 1576 4114 illa
1623 4050 1826 4134 *quae
1897 4048 2071 4114 dicta
2118 4055 2287 4132 sunt,
2342 4070 2378 4113 ε(
2410 4048 2702 4113 Verbum

350 4170 514 4216 caro
559 4149 803 4216 factum
834 4157 932 4216 est
964 4173 999 4215 »
1036 4157 1102 4216 et
1137 4174 1172 4215 ‹
1205 4151 1506 4216 Christus
1533 4150 1748 4217 factus
1779 4157 1877 4216 est
1907 4150 2321 4217 maledictum
2353 4173 2413 4233 ³»,
2463 4150 2703 4215 similia

449 4417 466 4444 ¹
493 4417 685 4478 Rom..
719 4429 800 4477 1x,
835 4415 888 4470 5.
924 4445 996 4455 —
1032 4413 1053 4445 ²
1084 4415 1236 4483 Gal„
1273 4427 1356 4477 m.
1390 4415 1475 4469 13.
1513 4443 1583 4454 —
1621 4413 1642 4444 ³
1672 4415 1836 4479 Gen„
1875 4428 1954 4477 vn
1989 4413 2040 4468 6.
2079 4443 2148 4452 -
2185 4412 2208 4444 ⁴
2239 4414 2402 4478 Gen..
2437 4427 2518 4474 111,
2557 4414 2592 4466 9
2634 4443 2705 4452 —

352 4501 377 4532 ⁶
406 4501 540 4563 Em..
576 4512 657 4563 ιν,
692 4502 745 4556 2.
780 4530 853 4540 -
889 4499 912 4532 ⁸
942 4501 1105 4564 Gen..
1139 4513 1306 4562 xvm‚
1341 4500 1429 4554 21.
1468 4529 1533 4540 —
1591 4499 1611 4530 ⁷
1638 4499 1722 4554 Cf.
1760 4501 1858 4554 Ps.
1897 4512 2045 4554 xuu
2081 4498 2293 4567 (xuv),
2328 4498 2416 4553 23.
2455 4527 2523 4538 —-
2561 4497 2583 4528 ⁸
2622 4498 2704 4552 Cf.

354 4589 459 4642 Ps.
498 4597 605 4639 xv1
639 4586 831 4656 (xvu).
867 4585 902 4639 6
941 4613 1010 4624 —
1046 4583 1071 4615 ⁹
1093 4584 1175 4640 Cf.
1214 4585 1364 4650 Leo„
1403 4597 1573 4649 xxvt,
1609 4585 1696 4639 31.

2758 4072 2816 4128 p.
2852 4057 2977 4112 167.
