3400 5642
215 1574 286 1621 10

226 2080 294 2126 15

1338 500 1452 587 -ε-ε(
1502 499 1753 587 139)ae-

347 638 496 706 n'os
543 659 780 725 sumus,
842 648 1109 707 unctum
1169 648 1285 707 est,
1335 642 1500 708 Nam
1548 646 1605 707 si
1649 648 1917 707 unctum
1977 648 2151 707 esset
2194 647 2265 707 ut
2320 643 2507 724 DeuS,
2556 644 2723 727 quod

353 742 772 829 impossibile
822 744 1078 829 quidem
1139 751 1303 827 erat,
1365 745 1548 809 nulla
1611 744 1850 809 exinde
1912 744 2287 809 advenisset
2332 744 2598 810 utilitas.
2648 745 2723 809 In

357 850 687 929 quantum
733 848 910 910 enim
957 849 1339 929 agnoscitur
1383 846 1572 929 DeuS,
1621 846 1773 930 quid
1804 848 1869 910 ei
1900 845 2123 910 deesse
2160 851 2371 930 potest
2401 845 2569 929 quod
2606 866 2726 911 un-

355 950 591 1011 ctione
647 947 1122 1031 compleretur?
1178 948 1650 1013 Verumtamen
1712 952 1908 1012 etiam
1962 954 2036 1011 ut
2103 949 2275 1011 Deus
2342 951 2725 1015 incarnatus

355 1056 640 1113 unctum
687 1055 802 1132 est,
853 1053 1002 1132 quia
1049 1049 1292 1115 factum
1337 1070 1472 1115 non
1517 1058 1618 1115 est
1648 1050 1775 1114 duo
1806 1070 1925 1134 per
1954 1052 2570 1135 incorporationem,
2602 1070 2724 1115 nec

357 1153 445 1214 in
489 1170 624 1215 una
667 1157 909 1216 natura
955 1155 1253 1235 agnitum
1299 1156 1398 1217 est'
1442 1153 1733 1217 Verbum
1766 1158 1831 1219 et
1860 1156 1931 1217 in
1962 1152 2175 1217 altera
2206 1172 2383 1235 caro,
2416 1173 2539 1217 nec
2569 1152 2723 1217 illae

357 1273 486 1317 res
532 1273 696 1337 quae
736 1252 821 1317 ad
851 1259 1137 1317 naturas·
1155 1256 1472 1320 diversas
1505 1257 1966 1319 existimantur
2018 1257 2371 1338 pertinere,
2406 1254 2724 1320 miracula

357 1374 608 1439 nempe
653 1360 720 1419 et
764 1357 1118 1439 passiones»,
1183 1355 1430 1420 duobus
1491 1355 1961 1421 adscribendae
2018 1360 2198 1432 sunt;
2250 1355 2363 1421 sed
2424 1355 2725 1439 quemad·
2774 1410 2783 1418 .

359 1455 635 1521 modum
663 1458 1126 1541 incorporatio
1173 1456 1256 1521 ad
1300 1458 1592 1521 Verbum
1636 1460 1940 1541 pertinet,
1989 1458 2083 1521 ita
2130 1460 2328 1521 etiam
2368 1458 2721 1540 passiones,

357 1564 439 1623 et
485 1562 928 1641 necessitateS,
979 1564 1046 1623 et
1089 1562 1309 1623 omnia
1356 1559 1664 1623 humana.
1715 1559 1927 1623 Unum
1974 1564 2071 1623 est
2118 1577 2281 1641 ergo
2317 1559 2609 1623 Verbum
2657 1564 2721 1622 et

362 1665 528 1723 ante
575 1677 842 1723 carnem
893 1664 958 1723 et
1004 1667 1148 1743 post
1191 1662 1747 1737 incarnationem3
1796 1680 1937 1741 nec,
1972 1662 2125 1743 quia
2154 1663 2573 1725 incarnatum
2604 1664 2721 1741 est,

359 1766 760 1825 numeratur
803 1763 874 1826 in
919 1764 1196 1827 naturis,
1242 1760 1652 1845 Quapropter
1697 1761 1990 1826 creditur
2032 1764 2235 1825 etiam
2282 1780 2449 1823 unus
2490 1780 2575 1824 ex
2604 1763 2725 1823 tri-

360 1865 600 1945 nitate,
628 1869 694 1926 et
737 1860 844 1927 'ter
892 1883 927 1924 ‹
955 1861 1230 1928 Sanctus
1255 1884 1290 1927 >›
1340 1862 1786 1947 proclamatur
1832 1880 1981 1927 cum
2024 1863 2223 1928 Patre
2271 1867 2337 1927 et
2369 1861 2632 1945 Spiritu,
2658 1866 2723 1925 et

361 1980 632 2049 semper
677 1968 1059 2048 agnoscitur
1118 1968 1368 2048 unicuS,
1415 1964 1484 2031 id
1545 1971 1662 2047 est,
1710 1986 1895 2029 unus.
1945 1966 2205 2029 Etenim
2252 1967 2307 2029 si
2368 1968 2538 2030 esset
2593 1962 2719 2027 duo

363 2070 643 2150 propter·
663 2068 1280 2149 incorporationem,
1306 2072 1378 2131 ut
1399 2067 1471 2129 hi
1495 2070 1803 2149 sentiunt,
1838 2070 1969 2131 iam
2000 2084 2140 2131 non
2162 2068 2428 2130 unicum
2460 2063 2575 2129 sed
2606 2063 2722 2126 du-

349 2168 528 2252 -plex
572 2167 1078 2251 nuncupandum
1108 2174 1310 2244 esset3
1345 2174 1411 2233 et
1441 2172 1498 2232 si
1528 2188 1767 2233 nomen
1798 2188 1987 2233 suum
2016 2170 2331 2248 amiserit,
2364 2165 2722 2230 timendum

362 2276 474 2334 est
504 2290 588 2334 ne
621 2273 818 2335 etiam
850 2290 998 2349 cum
1029 2274 1292 2335 nomine
1323 2272 1612 2355 persona-
1635 2275 1895 2355 pereat:
1931 2270 2115 2353 quod,
2142 2289 2290 2335 cum
2314 2268 2721 2352 blasphemia

363 2375 476 2454 sit,
526 2377 905 2437 revertatur
951 2375 1020 2435 in
1067 2378 1260 2455 caput
1303 2393 1536 2437 eorum
1577 2376 1688 2455 qui
1734 2375 1829 2437 ita
1875 2374 2125 2456 opinati
2170 2375 2336 2437 sunt.
2386 2370 2517 2433 Nos
2562 2367 2723 2453 *igi-
2818 2414 2833 2428 .

363 2480 484 2538 tur
527 2492 728 2537 unum
775 2472 1162 2537 confitemur
1204 2475 1444 2539 Filium
1490 2476 1608 2539 Dei
1654 2480 1719 2540 et
1766 2479 1917 2538 ante
1966 2479 2031 2537 et
2076 2478 2219 2557 post
2250 2473 2724 2555 incorporatio·-

364 2593 558 2653 nem;
607 2596 730 2640 nec
761 2582 1068 2655 naturam
1099 2577 1380 2641 alteram
1409 2598 1532 2642 nec
1561 2597 1909 2641 numerum
1939 2581 2205 2661 propter
2234 2578 2552 2641 unitatem
2584 2576 2725 2637 eius

365 2677 867 2743 introducimus
913 2678 1080 2743 Nam
1123 2682 1568 2764 incorporatio
1615 2700 1764 2743 eum
1794 2699 1929 2743 non
1958 2679 2362 2743 demonstrat
2402 2675 2723 2760 duplicem

365 2799 496 2845 nec
541 2779 1036 2863 numerabilem,
1087 2781 1200 2845 sed
1245 2786 1498 2846 tantum·
1543 2781 2045 2865 redemptorem,
2080 2780 2465 2860 adiutorem,
2499 2783 2724 2861 poten-

364 2888 523 2964 tem,
573 2887 640 2946 et
684 2883 1174 2965 immutabilem,
1223 2886 1332 2967 qui
1394 2882 1670 2948 redemit
1724 2889 1796 2948 ut
1841 2883 2032 2949 fortis
2078 2888 2143 2947 et
2190 2881 2441 2947 adiuvit
2488 2884 2558 2943 ut
2602 2882 2723 2943 im·

364 2984 721 3048 mutabilis,
748 2983 831 3047 Et
853 3004 934 3047 eo
958 2984 1126 3068 quod
1155 2987 1226 3047 in
1255 2982 1635 3049 infirmitate
1667 2984 2180 3069 redemptionem
2212 3002 2397 3048 suam
2418 2980 2721 3063 ostendit,

367 3089 638 3169 agnitus
685 3091 782 3149 est
827 3090 1217 3170 praesertim
1254 3093 1514 3172 potens;
1565 3090 1715 3172 quia
1747 3108 1909 3152 vero
1956 3106 2073 3170 per
2119 3086 2723 3151 inhumanationem

367 3206 558 3252 suam
599 3206 724 3252 nos
768 3187 924 3252 fecit
954 3188 1073 3253 Dei
1115 3187 1303 3271 filios,
1338 3188 1933 3253 immutabilitatem
1969 3208 2153 3253 suam
2186 3191 2349 3254 actis
2380 3187 2719 3251 revelavit.

363 3338 370 3343 -
461 3288 864 3354 Profundum
883 3290 1138 3374 quidem
1163 3298 1262 3355 est
1283 3294 1668 3376 mysterium
1684 3291 2263 3372 inhumanationiS,
2282 3310 2491 3373 neque
2516 3292 2723 3353 scien-

367 3396 467 3457 tia
512 3392 800 3456 humana
837 3411 1074 3477 neque,
1122 3398 1194 3457 ut
1225 3397 1478 3477 opinor,
1507 3393 1632 3458 fide
1680 3393 2018 3477 explorari
2048 3398 2274 3476 potest.
2310 3391 2503 3457 Fides
2550 3393 2724 3455 enim

367 3514 504 3559 non
551 3497 799 3578 accepit
845 3498 1158 3559 virtutem
1205 3496 1686 3580 comprehendi,
1738 3494 1852 3559 sed
1896 3500 2151 3559 tantum
2183 3493 2513 3559 credendi.
2548 3494 2631 3557 Et
2668 3494 2726 3557 si

367 3597 556 3679 haec,
606 3614 770 3680 quae
817 3598 1255 3663 existimanda
1301 3604 1473 3663 esset
1517 3600 1925 3683 cognovisse,
1974 3616 2107 3661 non
2156 3598 2511 3680 cognoscit,
2570 3615 2725 3679 quo-

367 3698 562 3764 modo
607 3698 724 3763 illa
777 3718 944 3783 quae
987 3717 1074 3763 ne
1119 3718 1516 3784 cognoscere
1563 3700 1823 3783 quidem
1883 3704 2110 3784 potest,
2167 3696 2722 3781 comprehendere

364 3796 668 3866 valeret?
714 3798 912 3865 Fides
955 3804 1129 3866 enim
1169 3802 1323 3867 huic
1353 3805 1669 3887 mysterio
1701 3804 2126 3886 propinquior
2157 3806 2255 3865 est
2288 3818 2481 3883 quam
2514 3802 2725 3863 scien-

363 3907 462 3968 tia
480 3916 500 3979 ;·
547 3908 616 3967 et
657 3906 715 3966 si
759 3902 894 3986 illa,
943 3923 1106 3987 quae
1155 3910 1252 3968 est
1298 3907 1739 3989 propinquior,
1788 3908 2041 3969 remota
2086 3908 2203 3985 est,
2240 3900 2559 3985 quomodo
2590 3916 2723 3967 non

363 4008 498 4070 erit
541 4010 794 4071 remota
839 4006 1011 4070 haec
1038 4024 1202 4088 quae
1233 4006 1414 4070 nullo
1445 4006 1636 4070 modo
1684 4004 2272 4090 appropinquavit?
2307 4024 2343 4069 ‹<
2378 4004 2475 4068 Tu
2508 4002 2724 4067 credis

364 4110 438 4171 in
483 4108 722 4173 Filium
767 4107 928 4171 Dei?
962 4128 998 4173 »
1047 4111 1360 4192 scriptum
1408 4108 1544 4172 est¹
1597 4108 1909 4189 Verbum,
1952 4106 2117 4191 quod
2157 4126 2314 4173 caro
2347 4105 2720 4186 videbatur,

365 4209 454 4274 ad
499 4230 767 4275 caecum
815 4210 1092 4287 dixisse3
1143 4216 1208 4275 et
1253 4213 1557 4275 incitavit
1587 4230 1737 4276 eum
1767 4210 1851 4274 ad
1883 4208 2299 4290 credendum,
2332 4227 2467 4271 non
2500 4212 2719 4271 autem

365 4310 455 4376 ad
501 4312 866 4389 sciendum;
917 4332 1044 4397 qua
1087 4316 1266 4377 enim
1313 4317 1570 4377 ratione
1616 4316 1787 4377 scire
1834 4311 2146 4376 edocebat
2194 4330 2362 4391 eum,
2394 4329 2529 4373 non
2558 4327 2721 4372 vero
2794 4368 2831 4379 ,,
2882 4370 2893 4379 ,

461 4537 478 4565 ¹
519 4535 748 4599 lofflm..
793 4548 878 4599 lx,
915 4536 1005 4597 35,
1041 4535 1128 4597 37,
1168 4534 1254 4589 38.
