3400 5642
454 784 509 840 p.
547 770 662 824 198.

442 3442 500 3498 p.
536 3429 656 3484 199.

1656 527 1774 602 —xl
1829 515 1956 580 148
2006 517 2121 602 >x-

720 659 891 744 apud
922 660 1271 743 hominem,
1306 665 1371 724 et
1402 658 1573 746 apud
1604 660 1827 740 Deum,
1861 663 2196 742 postquam
2227 657 2440 722 factus
2471 663 2588 740 est,
2621 662 2820 723 etiam
2851 659 3070 724 homo,

719 760 895 828 *Hoc
939 768 1159 827 tamen
1205 783 1331 826 non
1380 760 1451 826 fit
1482 782 1599 846 per
1638 764 2060 826 mutationem
2093 761 2269 825 illius
2299 764 2369 824 in
2418 762 2560 844 hoc,
2607 781 2728 826 nec
2775 762 2970 826 huius
3002 765 3072 826 in

719 864 899 939 illud,
948 864 1113 949 quod
1160 864 1397 929 accidit
1459 869 1756 948 respectu
1803 865 2070 927 seminis
2117 869 2182 926 et
2241 867 2602 947 sanguiniS,
2651 866 2800 947 quia
2847 883 3074 928 exem-

718 967 893 1050 plum
941 967 1212 1031 allatum
1258 973 1355 1030 est
1401 986 1535 1030 non
1580 964 1664 1030 ad
1712 965 2114 1049 probandam
2161 968 2608 1049 mutationem,
2657 965 2770 1030 sed
2815 971 3072 1030 tantum

719 1069 801 1133 ad
848 1067 1311 1134 ostendendam
1358 1071 1667 1132 unionem
1713 1087 1877 1151 quae
1925 1087 2011 1132 ex
2043 1066 2292 1131 duobus
2337 1065 2618 1132 conflata
2669 1074 2784 1132 est.
2835 1068 2912 1131 In
2943 1067 3071 1131 hac

717 1174 891 1235 enim
938 1171 1064 1235 duo
1110 1191 1251 1236 esse
1298 1170 1475 1234 nullo
1522 1169 1712 1234 modo
1759 1169 1985 1233 videre
2033 1189 2401 1252 possumus;
2451 1189 2602 1235 nam
2647 1168 3064 1254 quemadmo-

716 1271 866 1336 dum
913 1291 1043 1336 non
1090 1277 1236 1336 erat
1279 1274 1435 1336 unio
1483 1276 1826 1354 antequam
1872 1273 2104 1334 mixtio
2149 1268 2354 1353 fieret,
2403 1275 2498 1335 ita
2541 1291 2674 1336 non
2721 1277 2820 1334 est
2881 1291 3068 1354 sepa-

717 1381 888 1443 ratio
936 1385 1271 1464 postquam
1320 1380 1473 1442 unio
1520 1397 1637 1462 per
1682 1380 2066 1442 mixtionem
2113 1375 2344 1442 effecta
2391 1382 2508 1442 est.

806 1481 885 1544 Et
932 1479 1466 1564 quemadmodum
1491 1485 1643 1544 ante
1665 1478 2260 1544 manifestationem
2293 1481 2409 1542 Dei
2433 1481 2504 1544 in
2535 1500 2752 1562 carne,
2787 1480 3062 1564 prophe-

712 1588 841 1664 tae,
876 1589 941 1646 et
964 1581 1281 1663 doctoreS,
1307 1588 1373 1646 et
1402 1580 1792 1662 sacerdoteS,
1821 1586 1886 1644 et
1907 1583 2065 1645 iusti
2097 1580 2656 1653 adlaboraverunt
2680 1587 2750 1644 ut
2767 1581 3065 1645 humani-

715 1690 915 1748 tatem
962 1683 1291 1747 divinitati
1336 1686 1619 1764 unirent,
1670 1703 1787 1748 nec
1831 1688 2054 1746 tamen
2099 1688 2468 1767 potuerunt,
2515 1687 2610 1748 ita
2657 1689 2721 1748 et
2767 1683 3068 1748 doctores

714 1787 1061 1851 haeresum
1110 1791 1175 1850 et
1220 1785 1416 1850 duces
1461 1791 1808 1866 sectarum,
1857 1787 2272 1868 quantumvis
2302 1785 2478 1850 hanc
2523 1789 2850 1867 unionem,
2901 1805 3065 1868 quae

715 1887 916 1952 semel
962 1908 1047 1952 ex
1094 1888 1435 1951 divinitate
1500 1892 1563 1952 et
1624 1887 2034 1952 humanitate
2094 1887 2284 1952 modo
2331 1887 2620 1952 mirabili
2665 1885 2896 1952 effecta
2944 1894 3062 1970 est,

714 1989 1009 2054 scindere
1058 1989 1379 2072 studeant,
1428 2009 1549 2054 nec
1579 1988 1894 2053 valebunt
1923 2009 2046 2054 nec
2093 1994 2431 2073 poterunt;
2481 2010 2636 2054 nam
2683 1989 2852 2072 quod
2896 1990 3068 2054 Deus

714 2095 1049 2157 coniunxit
1096 2093 1289 2156 homo
1337 2111 1646 2175 separare
1692 2093 1934 2174 nequit,
1983 2111 2105 2156 nec
2157 2111 2320 2175 quae
2369 2091 2648 2157 ostendit
2693 2113 2836 2156 esse
2867 2113 3070 2157 unum

714 2195 830 2258 alii
876 2194 1101 2259 valent
1146 2193 1404 2258 efficere
1430 2194 1574 2258 duc.
1624 2195 1902 2278 Etenim,
1939 2194 2475 2278 quemadmodum
2505 2195 2688 2259 nulla
2734 2200 2880 2259 erat
2910 2198 3066 2260 unio

714 2302 865 2361 ante
890 2297 1063 2362 hanc
1088 2299 1487 2378 mixtionem,
1520 2300 1615 2361 ita
1646 2296 1828 2360 nulla
1859 2300 2207 2382 separatio,
2243 2297 2308 2360 id
2339 2303 2455 2378 est,
2489 2297 2707 2361 nullus
2735 2317 3066 2380 numeruS,

715 2405 857 2483 post
903 2400 1075 2464 hanc
1120 2403 1427 2464 unionem
1472 2419 1613 2464 esse
1662 2403 1888 2483 potest.
1937 2399 2122 2471 Quod
2169 2403 2224 2464 si
2256 2403 2416 2483 quiS,
2451 2399 2598 2464 dolo
2644 2406 2834 2464 utens
2883 2419 3063 2464 more

714 2501 1216 2583 haereticorum,
1265 2501 1470 2566 dicat:
1529 2502 1698 2566 Ecce
1744 2504 1852 2566 vir
1897 2507 1962 2566 et
2025 2501 2260 2566 mulier
2319 2520 2451 2566 una
2497 2507 2737 2567 natura
2787 2509 2954 2584 sunt,
3003 2507 3070 2566 et

716 2603 1053 2684 elementa,
1102 2623 1265 2686 quae
1312 2623 1398 2668 ex
1434 2603 1539 2668 his
1569 2603 1820 2668 duobus
1849 2602 2266 2687 colliguntur,
2301 2623 2418 2687 per
2448 2607 2874 2668 mutationem
2907 2623 3066 2668 caro

714 2702 907 2780 fiunt;
957 2707 1133 2786 item,
1160 2704 1350 2768 ambo
1399 2711 1547 2769 sunt
1593 2713 1938 2770 creaturae
1969 2711 2036 2770 et
2063 2703 2282 2769 fluxus
2311 2705 2634 2770 naturalis
2679 2711 2808 2770 est:
2860 2725 3062 2789 quare

714 2825 879 2889 ergo
940 2813 1404 2890 comparantur
1449 2808 1601 2871 huic
1662 2810 1909 2889 unioni,
1961 2827 2124 2891 quae
2171 2806 2348 2872 facta
2401 2813 2498 2872 est
2545 2807 2784 2890 absque
2853 2813 3065 2872 muta—

716 2911 889 2973 tione
938 2913 1003 2972 et
1034 2929 1120 2972 ex
1150 2908 1489 2974 divinitate
1531 2929 1608 2974 ac
1638 2910 2046 2974 humanitate
2093 2907 2375 2975 conflata
2411 2909 2551 2974 est?
2599 2910 2765 2974 Huic
2798 2929 3070 2993 respon-

713 3011 1011 3075 deamus:
1075 3010 1215 3074 Iam
1268 3014 1796 3094 praenotavimus
1842 3011 2208 3094 exemplum
2264 3032 2396 3075 non
2457 3032 2642 3096 posse
2703 3015 3053 3076 veritatem

711 3111 887 3174 illius
932 3111 1099 3194 quod
1146 3111 1333 3176 docet
1378 3132 1465 3176 ex
1512 3114 1688 3176 omni
1735 3117 1920 3195 parte
1953 3111 2312 3194 ostendere,
2354 3112 2468 3176 sed
2499 3133 2586 3176 ex
2630 3131 2759 3176 una
2805 3117 3059 3175 tantum

711 3219 825 3278 aut
870 3214 1119 3278 duabus
1164 3215 1491 3298 partibus;
1540 3235 1693 3278 nam
1757 3218 1814 3279 si
1867 3235 1953 3278 ex
2005 3217 2180 3278 omni
2233 3220 2419 3298 parte
2476 3214 2834 3298 perfectum
2891 3220 3062 3278 esset

711 3316 1047 3400 simileque
1094 3320 1156 3380 ei
1202 3322 1466 3400 propter
1512 3316 1678 3400 quod
1726 3316 2094 3398 adhibetur,
2143 3320 2275 3380 iam
2306 3337 2436 3381 non
2481 3323 2652 3383 esset
2685 3315 3052 3400 exemplum

711 3417 825 3481 sed
871 3438 979 3482 res
1023 3420 1163 3501 ipsa
1211 3423 1445 3483 exacta
1492 3439 1657 3502 quae
1703 3418 1860 3502 *per
1905 3417 2064 3482 illud
2110 3419 2562 3502 cognoscenda
2609 3423 2770 3482 erat.
2827 3417 3054 3500 Itaque

711 3521 835 3584 hoc
882 3521 1250 3604 exemplum
1296 3521 1679 3604 protulimus
1726 3521 1934 3585 solum
1981 3520 2064 3584 ad
2111 3521 2579 3586 ostendendum
2627 3519 2870 3604 aliquid
2921 3539 3062 3583 esse

712 3641 797 3686 ex
844 3621 1092 3687 duobus
1138 3623 1493 3705 elementiS,
1542 3643 1707 3706 quae
1754 3623 1880 3686 sibi
1908 3643 2032 3688 nec
2079 3623 2404 3708 adspectu,
2453 3643 2576 3688 nec
2620 3627 2884 3704 virtute,
2932 3641 3056 3685 nec

710 3728 950 3787 natura
996 3724 1235 3788 similia
1282 3730 1443 3788 sunt.
1494 3724 1673 3788 Haec
1705 3727 1898 3807 enim,
1933 3725 2086 3789 licet
2132 3724 2258 3790 duo
2289 3727 2416 3789 sint
2463 3724 2817 3790 secundum
2859 3726 3063 3806 origi-

710 3845 858 3888 nem
884 3845 1089 3908 suam,
1114 3829 1183 3890 in
1208 3846 1285 3891 eo
1312 3830 1659 3890 coniuncta
1682 3833 1832 3890 sunt
1857 3833 1921 3891 et
1945 3827 2120 3891 facta
2145 3833 2294 3891 sunt
2317 3847 2536 3909 unum,
2569 3847 2691 3892 nec
2717 3830 2848 3891 iam
2875 3824 3062 3890 oculo

710 3934 823 3992 aut
868 3930 1251 4010 cogitationi
1297 3927 1423 3992 duo
1470 3948 1609 3992 esse
1655 3926 1968 3992 videntur
2026 3931 2090 3992 in
2139 3949 2216 3993 eo
2280 3929 2448 4013 apud
2495 3928 2661 4013 quod
2708 3931 3056 3992 coniuncta

709 4034 775 4094 et
805 4048 1001 4093 unum
1034 4029 1209 4094 facta
1240 4038 1408 4113 sunt,
1456 4030 1524 4094 id
1554 4036 1671 4114 est,
1714 4035 1780 4095 in
1811 4051 2010 4096 carne
2044 4032 2390 4096 cuiuslibet
2418 4032 2720 4096 hominis.
2771 4031 3050 4110 Etenim,

710 4134 1003 4214 quamvis
1048 4151 1363 4215 personae
1409 4136 1541 4196 viri
1572 4138 1638 4197 et
1669 4133 1982 4216 mulieriS,
2017 4137 2125 4217 qui
2156 4137 2348 4198 unius
2381 4139 2654 4198 naturae
2687 4137 2856 4215 sunt,
2894 4131 3060 4196 divi-

712 4236 900 4298 nitati
946 4240 1011 4298 et
1056 4234 1469 4318 humanitati,
1517 4257 1681 4320 quae
1730 4236 1896 4301 duae
1959 4242 2106 4301 sunt
2163 4243 2462 4320 naturae,
2511 4239 2883 4321 comparari
2927 4254 3062 4300 non

710 4340 973 4419 possint,
1022 4342 1237 4401 tamen
1286 4337 1520 4421 proleS,
1569 4359 1734 4422 quae
1783 4360 1867 4404 ex
1914 4339 2020 4403 his
2065 4339 2314 4405 duobus
2360 4359 2477 4423 per
2531 4359 2752 4404 semen
2799 4343 2864 4402 et
2910 4357 3060 4401 san-

712 4439 975 4518 guinem
1020 4437 1303 4503 formata
1350 4445 1467 4520 est,
1516 4440 1871 4524 symbolice
1917 4441 2107 4505 nobis
2153 4441 2436 4506 ostendit
2465 4461 2662 4504 unam
2709 4457 3056 4523 personam

708 4557 794 4600 ex
840 4537 1185 4602 divinitate
1239 4545 1305 4603 et
1357 4540 1765 4606 humanitate
1821 4540 2190 4607 conflatam.
2250 4542 2348 4606 Ad
2402 4543 2528 4608 hoc
2581 4547 2756 4608 enim
2783 4546 3062 4606 *tantum

3129 1594 3192 1638 lo

3130 2105 3194 2150 15
