3400 5642
231 2405 283 2448 10

232 2916 282 2958 15

704 647 1377 722 PH¹ILOXENI
1460 650 2304 720 MABBUGENSIS

969 825 1367 872 TRACTATUS
1415 824 1824 870 THEOLOGICI
1873 825 2046 872 TRES

976 955 1153 961 —.-
1165 955 1262 960 ——-
1275 955 1474 960 ,—-—---,
1486 951 1753 959 ..,-—„.—.—-
1769 951 2004 956 —--—-—-—-—
2257 949 2678 957 ————-——-———-—.

1068 1483 1594 1568 [TRACTATUS
1638 1482 1958 1547 PRIMUS

1212 1679 1301 1733 ns
1340 1679 1748 1748 TRlNlTATE]
1777 1681 1812 1732 ¹.

450 1929 462 1941 Ο
560 1928 573 1941 0
671 1928 685 1940 D
782 1929 795 1941 0
894 1928 906 1940 Ο
1004 1928 1017 1941 0
1116 1928 1128 1940 Ο
1226 1928 1238 1940 0
1337 1927 1349 1940 Ο
1447 1927 1460 1940 0
1558 1927 1570 1940 D
1668 1927 1681 1939 0
1780 1927 1792 1939 Ο
1890 1927 1903 1941 Q
2001 1927 2014 1939 O
2111 1927 2124 1938 Ο
2222 1927 2235 1940 Ι
2334 1926 2346 1938 0
2445 1921 2460 1938 .-
2555 1927 2568 1938 0
2666 1926 2680 1939 fl

339 2030 1017 2045 .......
1114 1981 1535 2063 cogitationis
1580 1982 1722 2042 eius
1775 1999 1844 2042 se
1899 1982 2100 2043 vertit
2153 1979 2236 2042 ad
2287 1978 2565 2060 labores,
2615 1985 2686 2043 ut

334 2086 638 2167 inspiciat
682 2083 1065 2146 thesaurum
1114 2085 1427 2146 scientiae
1460 2084 1924 2166 mysteriorum
1957 2081 2273 2163 altissimi,
2309 2084 2458 2164 quia
2489 2084 2686 2144 intui-

334 2191 473 2249 t'um
520 2205 708 2249 suum
758 2185 841 2249 ad
888 2205 1039 2249 suos
1072 2184 1267 2268 pedes
1298 2187 1528 2268 posuit,
1563 2187 1703 2248 sive
1742 2183 2166 2248 considerans
2195 2203 2278 2246 ne
2311 2181 2593 2248 offendat
2617 2187 2686 2246 in

334 2291 446 2352 via
494 2287 735 2372 legum,
786 2289 925 2350 sive
974 2289 1235 2350 intuens
1280 2306 1363 2350 ne
1410 2285 1691 2350 declinet
1739 2285 1818 2349 ad
1867 2284 2207 2350 dexteram
2257 2291 2368 2348 aut
2415 2285 2498 2350 ad
2529 2289 2688 2350 sini-

337 2395 541 2454 stram
567 2411 602 2453 e
629 2391 861 2454 semita
896 2387 1371 2452 mandatorum.
1398 2388 1671 2460 Quando
1696 2391 1870 2452 enim
1899 2393 2348 2472 transgressus
2371 2394 2469 2452 est
2491 2389 2686 2453 homo

335 2495 511 2556 viam
560 2511 925 2574 onerosam,
976 2496 1041 2555 et
1088 2490 1361 2555 collecta
1394 2496 1491 2554 est
1535 2510 1721 2554 mens
1774 2493 1914 2554 eius
1946 2511 1984 2554 a
2031 2494 2175 2554 visu
2223 2498 2290 2555 et
2333 2495 2686 2574 vagatione

334 2598 510 2660 circa
564 2615 823 2659 omnem
870 2599 1142 2678 partem,
1188 2599 1325 2657 tum
1358 2599 1535 2658 recte
1568 2593 1843 2677 adspicit
1874 2597 2014 2658 sine
2047 2594 2379 2658 obstaculo
2411 2599 2562 2658 ante
2595 2613 2685 2676 se,

334 2703 398 2761 et
428 2697 607 2760 videt
641 2716 787 2761 eum
822 2699 929 2779 qui
962 2697 1207 2780 positus
1248 2701 1349 2759 est·
1377 2714 1599 2759 coram
1630 2696 1815 2759 vultu
1848 2698 2006 2778 eius,
2040 2699 2223 2760 cuius
2260 2699 2460 2759 etiam
2465 2746 2624 2760 .....
2661 2696 2688 2738 2

335 2803 580 2884 positus
626 2804 788 2863 erat.
840 2799 1130 2863 Demittit
1162 2801 1334 2862 enim
1368 2818 1437 2862 se
1470 2798 1649 2862 Iesus
1682 2798 1765 2862 ad
1797 2819 1908 2862 eos
1941 2801 2048 2882 qui
2079 2804 2478 2881 cognoscunt
2518 2819 2685 2881 eum,

338 2907 402 2966 et
450 2899 647 2965 efficit
692 2906 760 2964 ut
808 2903 1170 2986 percipiant
1224 2919 1373 2964 eum
1420 2903 1798 2983 quicumque
1847 2919 1996 2964 eum
2042 2903 2422 2985 percipiunt,
2471 2906 2536 2964 et
2589 2904 2688 2964 in-

335 3003 653 3086 tellegant
701 3023 851 3067 eum
896 3022 1055 3067 vere
1102 3003 1201 3066 illi
1248 3004 1355 3085 qui
1412 3002 1763 3066 secundum
1817 3006 2128 3067 virtutem
2183 3023 2366 3067 suam
2422 3023 2690 3088 praeco-

342 3112 713 3190 gnoverunt
760 3126 926 3169 eum.
976 3105 1249 3177 Quando
1296 3110 1511 3170 autem
1561 3107 1701 3189 quis
1747 3105 2076 3170 laboravit
2107 3109 2174 3168 in
2215 3109 2688 3171 exercitatione

340 3207 474 3290 illa,
524 3227 609 3271 ex
657 3227 780 3292 qua
828 3210 1038 3292 coepit
1084 3225 1355 3271 servare
1403 3207 1731 3290 mandata,
1781 3212 1845 3271 et
1891 3211 2225 3291 superavit
2271 3229 2496 3272 omnes
2538 3227 2692 3291 gra-

339 3308 459 3373 dus
506 3309 841 3374 custodiae
891 3309 1366 3391 mandatorum,
1416 3314 1480 3372 et
1527 3312 1784 3392 penitus
1829 3309 2064 3373 occidit
2109 3312 2179 3371 in
2226 3313 2436 3393 seipso
2481 3309 2692 3374 homi-

338 3431 490 3476 nem
536 3417 829 3476 veterem
876 3413 1457 3494 concupiscentiae,
1507 3415 1577 3475 et·
1617 3409 2034 3474 manifestata
2082 3415 2178 3474 est
2231 3414 2294 3474 ei
2347 3415 2690 3476 renovatio

341 3517 483 3578 eius
530 3533 648 3598 per
694 3517 1037 3578 scientiam
1082 3533 1201 3598 ope
1246 3516 1427 3577 visus
1472 3512 1950 3594 intellectualiS,
2001 3517 2065 3576 et
2110 3512 2321 3576 factus
2368 3519 2464 3576 est
2496 3514 2690 3578 homo

338 3635 549 3680 novus
596 3635 675 3680 eo
722 3615 916 3680 modo
965 3635 1088 3700 quo
1136 3634 1281 3680 eum
1333 3618 1558 3699 genuit
1593 3617 1829 3698 gratia,
1864 3621 1928 3678 et
1960 3618 2247 3699 percepit
2275 3618 2692 3681 nativitatem

340 3737 525 3782 suam
575 3717 925 3783 secundam
981 3737 1099 3803 per
1150 3721 1509 3800 scientiam,
1566 3720 1633 3780 in
1691 3720 2117 3800 generatione
2168 3721 2422 3800 gratiae
2478 3737 2688 3802 quam,

340 3819 546 3884 donec
593 3839 678 3884 ex
726 3839 805 3884 ea
854 3825 1259 3902 nasceretur,
1308 3839 1441 3884 non
1467 3825 1795 3896 senserat;
1830 3817 1932 3884 *et
1977 3819 2141 3882 vidit
2173 3825 2475 3884 naturam
2509 3839 2692 3884 suam

339 3941 591 4004 veram,
644 3941 807 4004 quae
860 3926 1019 3986 nata
1066 3926 1163 3985 est
1210 3941 1245 3986 e
1292 3923 1629 4005 baptismo,
1686 3941 1805 4005 per
1856 3922 2255 3985 intellectum
2309 3922 2690 4006 spiritalem,

340 4041 485 4086 cum
534 4038 668 4086 non
716 4028 813 4086 est
863 4023 1139 4106 amplius
1184 4025 1253 4086 in
1300 4042 1379 4088 eo
1422 4043 1509 4086 ne
1554 4026 1825 4087 minima
1871 4023 2128 4106 quidem
2160 4022 2529 4088 recordatio
2561 4027 2694 4107 pri-

342 4126 555 4188 stinae
587 4127 968 4202 vetustatis3
1005 4131 1069 4190 et
1101 4129 1279 4190 stetit
1310 4129 1378 4189 in
1409 4127 1553 4191 loco
1584 4129 1898 4190 scientiae
1931 4145 2118 4208 quem
2143 4125 2423 4208 perdidit
2446 4129 2694 4209 primus

342 4225 572 4290 homo:
624 4231 779 4292 tum
827 4227 1197 4292 huiusmodi
1241 4229 1448 4294 homo
1480 4228 1655 4292 solus
1687 4233 1894 4312 potest
1926 4231 2220 4311 recipere
2252 4231 2322 4290 in
2359 4227 2694 4292 intellectu

342 4347 459 4393 suo
508 4330 1221 4415 [communicationem]
1252 4331 1279 4374 2
1328 4334 1572 4396 amoris
1600 4334 1766 4414 veri,
1801 4333 1909 4414 qui
1955 4333 2023 4393 in
2053 4330 2318 4394 Christo
2349 4333 2465 4413 est,
2500 4333 2591 4395 ita
2621 4336 2694 4394 ut

430 4549 449 4581 ¹
488 4549 657 4604 Initio
698 4549 1106 4605 desiderantur
1145 4549 1277 4605 folia
1314 4549 1445 4605 duc.
1482 4579 1529 4590 -
1588 4549 1611 4582 ³
1646 4551 1769 4605 Vox
1811 4549 2001 4605 deleta
2037 4551 2096 4604 in
2135 4550 2348 4606 codice.

2742 1905 2795 1959 p.
2828 1890 2878 1942 3.
