<?xml version="1.0" encoding="UTF-8"?>
<!DOCTYPE html PUBLIC "-//W3C//DTD XHTML 1.0 Transitional//EN"
    "http://www.w3.org/TR/xhtml1/DTD/xhtml1-transitional.dtd">
<html xmlns="http://www.w3.org/1999/xhtml" xml:lang="en" lang="en">
 <head>
  <title>
</title>
<meta http-equiv="Content-Type" content="text/html;charset=utf-8" />
  <meta name='ocr-system' content='tesseract 3.04.00' />
  <meta name='ocr-capabilities' content='ocr_page ocr_carea ocr_par ocr_line ocrx_word'/>
</head>
<body>
  <div class='ocr_page' id='page_1' title='image "./corpusscriptoru13unkngoog_0133.png"; bbox 0 0 3400 5642; ppageno 0'>
   <div class='ocr_carea' id='block_1_1' title="bbox 500 1079 712 1153">
    <p class='ocr_par' dir='ltr' id='par_1_1' title="bbox 500 1079 712 1153">
     <span class='ocr_line' id='line_1_1' title="bbox 500 1079 712 1153; baseline 0 -19"><span class='ocrx_word' id='word_1_1' title='bbox 500 1094 558 1153; x_wconf 84' lang='lat' dir='ltr'><strong>p.</strong></span> <span class='ocrx_word' id='word_1_2' title='bbox 592 1079 712 1138; x_wconf 80' lang='lat'><strong>162.</strong></span> 
     </span>
    </p>
   </div>
   <div class='ocr_carea' id='block_1_2' title="bbox 504 3737 717 3809">
    <p class='ocr_par' dir='ltr' id='par_1_2' title="bbox 504 3737 717 3809">
     <span class='ocr_line' id='line_1_2' title="bbox 504 3737 717 3809; baseline -0.014 -18"><span class='ocrx_word' id='word_1_3' title='bbox 504 3753 561 3809; x_wconf 87' lang='lat' dir='ltr'><strong>p.</strong></span> <span class='ocrx_word' id='word_1_4' title='bbox 597 3737 717 3793; x_wconf 84' lang='lat'><strong>163.</strong></span> 
     </span>
    </p>
   </div>
   <div class='ocr_carea' id='block_1_3' title="bbox 1706 521 2162 610">
    <p class='ocr_par' dir='ltr' id='par_1_3' title="bbox 1706 521 2162 610">
     <span class='ocr_line' id='line_1_3' title="bbox 1706 521 2162 610; baseline 0.009 -4"><span class='ocrx_word' id='word_1_5' title='bbox 1706 521 2162 610; x_wconf 44' lang='lat' dir='ltr'><strong>ams-</strong></span> 
     </span>
    </p>
   </div>
   <div class='ocr_carea' id='block_1_4' title="bbox 766 661 3204 4426">
    <p class='ocr_par' dir='ltr' id='par_1_4' title="bbox 766 661 3194 2076">
     <span class='ocr_line' id='line_1_4' title="bbox 768 661 3108 752; baseline 0.002 -24"><span class='ocrx_word' id='word_1_6' title='bbox 768 669 867 728; x_wconf 93' lang='lat' dir='ltr'><strong>est</strong></span> <span class='ocrx_word' id='word_1_7' title='bbox 890 661 1325 746; x_wconf 87' lang='lat' dir='ltr'><strong>maledictum,</strong></span> <span class='ocrx_word' id='word_1_8' title='bbox 1372 663 1442 728; x_wconf 94' lang='lat' dir='ltr'><strong>id</strong></span> <span class='ocrx_word' id='word_1_9' title='bbox 1470 669 1589 746; x_wconf 91' lang='lat' dir='ltr'><strong>est,</strong></span> <span class='ocrx_word' id='word_1_10' title='bbox 1622 663 1976 731; x_wconf 82' lang='lat' dir='ltr'><strong>crucifixus</strong></span> <span class='ocrx_word' id='word_1_11' title='bbox 2007 671 2124 750; x_wconf 89' lang='lat' dir='ltr'><strong>est,</strong></span> <span class='ocrx_word' id='word_1_12' title='bbox 2159 683 2402 750; x_wconf 87' lang='lat' dir='ltr'><strong>passus,</strong></span> <span class='ocrx_word' id='word_1_13' title='bbox 2437 670 2502 730; x_wconf 89' lang='lat' dir='ltr'><strong>et</strong></span> <span class='ocrx_word' id='word_1_14' title='bbox 2533 671 2828 730; x_wconf 87' lang='lat' dir='ltr'><strong>mortuus</strong></span> <span class='ocrx_word' id='word_1_15' title='bbox 2852 673 3108 752; x_wconf 83' lang='lat' dir='ltr'><strong>propter</strong></span> 
     </span>
     <span class='ocr_line' id='line_1_5' title="bbox 766 765 3106 854; baseline 0.002 -24"><span class='ocrx_word' id='word_1_16' title='bbox 766 772 1061 832; x_wconf 88' lang='lat' dir='ltr'><strong>nostram</strong></span> <span class='ocrx_word' id='word_1_17' title='bbox 1106 765 1401 848; x_wconf 88' lang='lat' dir='ltr'><strong>salutem,</strong></span> <span class='ocrx_word' id='word_1_18' title='bbox 1432 786 1565 832; x_wconf 92' lang='lat' dir='ltr'><strong>non</strong></span> <span class='ocrx_word' id='word_1_19' title='bbox 1612 770 1764 852; x_wconf 87' lang='lat' dir='ltr'><strong>quia</strong></span> <span class='ocrx_word' id='word_1_20' title='bbox 1795 766 1874 832; x_wconf 92' lang='lat' dir='ltr'><strong>de</strong></span> <span class='ocrx_word' id='word_1_21' title='bbox 1921 767 2096 834; x_wconf 85' lang='lat' dir='ltr'><strong>facto</strong></span> <span class='ocrx_word' id='word_1_22' title='bbox 2126 774 2244 833; x_wconf 88' lang='lat' dir='ltr'><strong>aut</strong></span> <span class='ocrx_word' id='word_1_23' title='bbox 2271 785 2358 832; x_wconf 83' lang='lat' dir='ltr'><strong>ex</strong></span> <span class='ocrx_word' id='word_1_24' title='bbox 2387 773 2629 832; x_wconf 88' lang='lat' dir='ltr'><strong>natura</strong></span> <span class='ocrx_word' id='word_1_25' title='bbox 2673 768 2830 834; x_wconf 89' lang='lat' dir='ltr'><strong>huic</strong></span> <span class='ocrx_word' id='word_1_26' title='bbox 2867 789 3106 854; x_wconf 88' lang='lat' dir='ltr'><strong>poenae</strong></span> 
     </span>
     <span class='ocr_line' id='line_1_6' title="bbox 768 867 3106 955; baseline 0.002 -23"><span class='ocrx_word' id='word_1_27' title='bbox 768 869 1095 934; x_wconf 87' lang='lat' dir='ltr'><strong>subiectus</strong></span> <span class='ocrx_word' id='word_1_28' title='bbox 1139 873 1301 934; x_wconf 88' lang='lat' dir='ltr'><strong>erat.</strong></span> <span class='ocrx_word' id='word_1_29' title='bbox 1328 867 1569 934; x_wconf 81' lang='lat' dir='ltr'><strong>Sensus</strong></span> <span class='ocrx_word' id='word_1_30' title='bbox 1598 887 1762 952; x_wconf 87' lang='lat' dir='ltr'><strong>ergo</strong></span> <span class='ocrx_word' id='word_1_31' title='bbox 1793 869 2146 936; x_wconf 85' lang='lat' dir='ltr'><strong>verborum</strong></span> <span class='ocrx_word' id='word_1_32' title='bbox 2179 868 2470 955; x_wconf 77' lang='lat' dir='ltr'><strong>Apostoli</strong></span> <span class='ocrx_word' id='word_1_33' title='bbox 2501 875 2618 946; x_wconf 87' lang='lat' dir='ltr'><strong>est,</strong></span> <span class='ocrx_word' id='word_1_34' title='bbox 2665 889 2790 935; x_wconf 91' lang='lat' dir='ltr'><strong>nec</strong></span> <span class='ocrx_word' id='word_1_35' title='bbox 2821 869 3008 935; x_wconf 89' lang='lat' dir='ltr'><strong>decet</strong></span> <span class='ocrx_word' id='word_1_36' title='bbox 3035 891 3106 936; x_wconf 90' lang='lat' dir='ltr'><strong>ea</strong></span> 
     </span>
     <span class='ocr_line' id='line_1_7' title="bbox 769 969 3104 1056; baseline 0 -20"><span class='ocrx_word' id='word_1_37' title='bbox 769 970 966 1036; x_wconf 91' lang='lat' dir='ltr'><strong>aliter</strong></span> <span class='ocrx_word' id='word_1_38' title='bbox 1008 972 1451 1056; x_wconf 83' lang='lat' dir='ltr'><strong>interpretari,</strong></span> <span class='ocrx_word' id='word_1_39' title='bbox 1498 969 1668 1056; x_wconf 89' lang='lat' dir='ltr'><strong>quod</strong></span> <span class='ocrx_word' id='word_1_40' title='bbox 1696 971 2000 1036; x_wconf 87' lang='lat' dir='ltr'><strong>Christus</strong></span> <span class='ocrx_word' id='word_1_41' title='bbox 2029 991 2268 1038; x_wconf 81' lang='lat' dir='ltr'><strong>revera</strong></span> <span class='ocrx_word' id='word_1_42' title='bbox 2297 969 2512 1036; x_wconf 82' lang='lat' dir='ltr'><strong>factus</strong></span> <span class='ocrx_word' id='word_1_43' title='bbox 2542 977 2640 1036; x_wconf 89' lang='lat' dir='ltr'><strong>est</strong></span> <span class='ocrx_word' id='word_1_44' title='bbox 2678 971 3104 1056; x_wconf 88' lang='lat' dir='ltr'><strong>maledictum,</strong></span> 
     </span>
     <span class='ocr_line' id='line_1_8' title="bbox 768 1071 3193 1157; baseline -0.001 -19"><span class='ocrx_word' id='word_1_45' title='bbox 768 1075 919 1157; x_wconf 83' lang='lat' dir='ltr'><strong>quia</strong></span> <span class='ocrx_word' id='word_1_46' title='bbox 965 1091 1123 1138; x_wconf 80' lang='lat' dir='ltr'><strong>vere</strong></span> <span class='ocrx_word' id='word_1_47' title='bbox 1186 1090 1413 1157; x_wconf 85' lang='lat' dir='ltr'><strong>passus</strong></span> <span class='ocrx_word' id='word_1_48' title='bbox 1470 1078 1539 1138; x_wconf 90' lang='lat' dir='ltr'><strong>et</strong></span> <span class='ocrx_word' id='word_1_49' title='bbox 1582 1079 1878 1138; x_wconf 89' lang='lat' dir='ltr'><strong>mortuus</strong></span> <span class='ocrx_word' id='word_1_50' title='bbox 1921 1079 2038 1138; x_wconf 87' lang='lat' dir='ltr'><strong>est.</strong></span> <span class='ocrx_word' id='word_1_51' title='bbox 2103 1073 2246 1139; x_wconf 86' lang='lat' dir='ltr'><strong>Non</strong></span> <span class='ocrx_word' id='word_1_52' title='bbox 2293 1076 2468 1139; x_wconf 89' lang='lat' dir='ltr'><strong>enim</strong></span> <span class='ocrx_word' id='word_1_53' title='bbox 2513 1071 2742 1140; x_wconf 72' lang='lat' dir='ltr'><strong>*huicz</strong></span> <span class='ocrx_word' id='word_1_54' title='bbox 2813 1095 2850 1138; x_wconf 79' lang='lat'><strong>&lt;</strong></span> <span class='ocrx_word' id='word_1_55' title='bbox 2883 1074 3108 1146; x_wconf 83' lang='lat' dir='ltr'><strong>Omnia</strong></span> <span class='ocrx_word' id='word_1_56' title='bbox 3171 1093 3193 1136; x_wconf 87' lang='lat'><strong>5</strong></span> 
     </span>
     <span class='ocr_line' id='line_1_9' title="bbox 768 1175 3109 1264; baseline 0 -24"><span class='ocrx_word' id='word_1_57' title='bbox 768 1180 1039 1260; x_wconf 89' lang='lat' dir='ltr'><strong>peccata</strong></span> <span class='ocrx_word' id='word_1_58' title='bbox 1082 1179 1311 1242; x_wconf 85' lang='lat' dir='ltr'><strong>nostra</strong></span> <span class='ocrx_word' id='word_1_59' title='bbox 1374 1178 1513 1261; x_wconf 82' lang='lat' dir='ltr'><strong>ipse</strong></span> <span class='ocrx_word' id='word_1_60' title='bbox 1558 1175 1820 1240; x_wconf 80' lang='lat' dir='ltr'><strong>sustulit</strong></span> <span class='ocrx_word' id='word_1_61' title='bbox 1871 1182 1938 1241; x_wconf 91' lang='lat' dir='ltr'><strong>et</strong></span> <span class='ocrx_word' id='word_1_62' title='bbox 1997 1175 2264 1261; x_wconf 85' lang='lat' dir='ltr'><strong>pertulit</strong></span> <span class='ocrx_word' id='word_1_63' title='bbox 2309 1178 2380 1240; x_wconf 87' lang='lat' dir='ltr'><strong>in</strong></span> <span class='ocrx_word' id='word_1_64' title='bbox 2425 1194 2698 1261; x_wconf 86' lang='lat' dir='ltr'><strong>corpore</strong></span> <span class='ocrx_word' id='word_1_65' title='bbox 2761 1197 2882 1244; x_wconf 87' lang='lat' dir='ltr'><strong>suo</strong></span> <span class='ocrx_word' id='word_1_66' title='bbox 2927 1197 3109 1264; x_wconf 86' lang='lat' dir='ltr'><strong>super</strong></span> 
     </span>
     <span class='ocr_line' id='line_1_10' title="bbox 769 1265 3106 1363; baseline 0.001 -21"><span class='ocrx_word' id='word_1_67' title='bbox 769 1295 1028 1342; x_wconf 86' lang='lat' dir='ltr'><strong>crucem</strong></span> <span class='ocrx_word' id='word_1_68' title='bbox 1055 1277 1069 1320; x_wconf 87' lang='lat'><strong>¹</strong></span> <span class='ocrx_word' id='word_1_69' title='bbox 1100 1297 1159 1360; x_wconf 71' lang='lat'><strong>2»,</strong></span> <span class='ocrx_word' id='word_1_70' title='bbox 1186 1276 1398 1342; x_wconf 86' lang='lat' dir='ltr'><strong>simile</strong></span> <span class='ocrx_word' id='word_1_71' title='bbox 1430 1283 1531 1342; x_wconf 87' lang='lat' dir='ltr'><strong>est</strong></span> <span class='ocrx_word' id='word_1_72' title='bbox 1558 1277 1752 1342; x_wconf 89' lang='lat' dir='ltr'><strong>illud:</strong></span> <span class='ocrx_word' id='word_1_73' title='bbox 1785 1299 1822 1342; x_wconf 67' lang='grc' dir='ltr'><strong>α</strong></span> <span class='ocrx_word' id='word_1_74' title='bbox 1847 1277 2084 1344; x_wconf 85' lang='lat' dir='ltr'><strong>Factus</strong></span> <span class='ocrx_word' id='word_1_75' title='bbox 2113 1284 2214 1344; x_wconf 88' lang='lat' dir='ltr'><strong>est</strong></span> <span class='ocrx_word' id='word_1_76' title='bbox 2244 1297 2362 1363; x_wconf 86' lang='lat' dir='ltr'><strong>pro</strong></span> <span class='ocrx_word' id='word_1_77' title='bbox 2391 1278 2582 1343; x_wconf 91' lang='lat' dir='ltr'><strong>nobis</strong></span> <span class='ocrx_word' id='word_1_78' title='bbox 2611 1265 3028 1344; x_wconf 88' lang='lat' dir='ltr'><strong>maledictum</strong></span> <span class='ocrx_word' id='word_1_79' title='bbox 3051 1301 3106 1363; x_wconf 82' lang='lat'><strong>›,</strong></span> 
     </span>
     <span class='ocr_line' id='line_1_11' title="bbox 768 1377 3108 1447; baseline 0.001 -3"><span class='ocrx_word' id='word_1_80' title='bbox 768 1399 891 1445; x_wconf 91' lang='lat' dir='ltr'><strong>nec</strong></span> <span class='ocrx_word' id='word_1_81' title='bbox 937 1379 1121 1444; x_wconf 91' lang='lat' dir='ltr'><strong>huic:</strong></span> <span class='ocrx_word' id='word_1_82' title='bbox 1175 1400 1212 1443; x_wconf 79' lang='lat'><strong>&lt;</strong></span> <span class='ocrx_word' id='word_1_83' title='bbox 1246 1379 1453 1444; x_wconf 85' lang='lat' dir='ltr'><strong>Vetus</strong></span> <span class='ocrx_word' id='word_1_84' title='bbox 1499 1379 1695 1445; x_wconf 91' lang='lat' dir='ltr'><strong>homo</strong></span> <span class='ocrx_word' id='word_1_85' title='bbox 1727 1385 1954 1445; x_wconf 90' lang='lat' dir='ltr'><strong>noster</strong></span> <span class='ocrx_word' id='word_1_86' title='bbox 1981 1377 2336 1446; x_wconf 83' lang='lat' dir='ltr'><strong>crucifixus</strong></span> <span class='ocrx_word' id='word_1_87' title='bbox 2365 1386 2463 1444; x_wconf 88' lang='lat' dir='ltr'><strong>est</strong></span> <span class='ocrx_word' id='word_1_88' title='bbox 2493 1400 2641 1446; x_wconf 87' lang='lat' dir='ltr'><strong>cum</strong></span> <span class='ocrx_word' id='word_1_89' title='bbox 2679 1401 2760 1446; x_wconf 92' lang='lat' dir='ltr'><strong>eo</strong></span> <span class='ocrx_word' id='word_1_90' title='bbox 2783 1381 2810 1424; x_wconf 78' lang='lat'>²</span> <span class='ocrx_word' id='word_1_91' title='bbox 2845 1403 2905 1446; x_wconf 86' lang='lat'><strong>».</strong></span> <span class='ocrx_word' id='word_1_92' title='bbox 2953 1382 3108 1447; x_wconf 88' lang='lat' dir='ltr'><strong>Nam</strong></span> 
     </span>
     <span class='ocr_line' id='line_1_12' title="bbox 768 1481 3107 1568; baseline 0.002 -23"><span class='ocrx_word' id='word_1_93' title='bbox 768 1483 881 1546; x_wconf 92' lang='lat' dir='ltr'><strong>ubi</strong></span> <span class='ocrx_word' id='word_1_94' title='bbox 911 1481 991 1546; x_wconf 91' lang='lat' dir='ltr'><strong>de</strong></span> <span class='ocrx_word' id='word_1_95' title='bbox 1024 1488 1289 1567; x_wconf 89' lang='lat' dir='ltr'><strong>peccato</strong></span> <span class='ocrx_word' id='word_1_96' title='bbox 1312 1481 1519 1546; x_wconf 83' lang='lat' dir='ltr'><strong>voluit</strong></span> <span class='ocrx_word' id='word_1_97' title='bbox 1550 1481 1788 1548; x_wconf 88' lang='lat' dir='ltr'><strong>docere</strong></span> <span class='ocrx_word' id='word_1_98' title='bbox 1809 1482 1990 1548; x_wconf 88' lang='lat' dir='ltr'><strong>clare</strong></span> <span class='ocrx_word' id='word_1_99' title='bbox 2021 1481 2222 1548; x_wconf 85' lang='lat' dir='ltr'><strong>dixit:</strong></span> <span class='ocrx_word' id='word_1_100' title='bbox 2260 1502 2297 1545; x_wconf 82' lang='grc'><strong>«</strong></span> <span class='ocrx_word' id='word_1_101' title='bbox 2323 1482 2558 1548; x_wconf 89' lang='lat' dir='ltr'><strong>Omnia</strong></span> <span class='ocrx_word' id='word_1_102' title='bbox 2591 1489 2864 1568; x_wconf 88' lang='lat' dir='ltr'><strong>peccata</strong></span> <span class='ocrx_word' id='word_1_103' title='bbox 2893 1489 3107 1549; x_wconf 86' lang='lat' dir='ltr'><strong>nostra</strong></span> 
     </span>
     <span class='ocr_line' id='line_1_13' title="bbox 768 1583 3194 1670; baseline -0 -22"><span class='ocrx_word' id='word_1_104' title='bbox 768 1583 1034 1668; x_wconf 88' lang='lat' dir='ltr'><strong>pertulit</strong></span> <span class='ocrx_word' id='word_1_105' title='bbox 1066 1605 1128 1667; x_wconf 81' lang='lat'><strong>»,</strong></span> <span class='ocrx_word' id='word_1_106' title='bbox 1174 1583 1710 1668; x_wconf 82' lang='lat' dir='ltr'><strong>quemadmodum</strong></span> <span class='ocrx_word' id='word_1_107' title='bbox 1755 1583 1998 1650; x_wconf 91' lang='lat' dir='ltr'><strong>dictum</strong></span> <span class='ocrx_word' id='word_1_108' title='bbox 2044 1591 2144 1650; x_wconf 87' lang='lat' dir='ltr'><strong>est</strong></span> <span class='ocrx_word' id='word_1_109' title='bbox 2165 1587 2226 1650; x_wconf 78' lang='lat'><strong>³:</strong></span> <span class='ocrx_word' id='word_1_110' title='bbox 2280 1606 2316 1647; x_wconf 84' lang='grc'><strong>«</strong></span> <span class='ocrx_word' id='word_1_111' title='bbox 2347 1584 2516 1650; x_wconf 85' lang='lat' dir='ltr'><strong>Ecce</strong></span> <span class='ocrx_word' id='word_1_112' title='bbox 2571 1585 2802 1669; x_wconf 82' lang='lat' dir='ltr'><strong>Agnus</strong></span> <span class='ocrx_word' id='word_1_113' title='bbox 2849 1587 2968 1651; x_wconf 91' lang='lat' dir='ltr'><strong>Dei</strong></span> <span class='ocrx_word' id='word_1_114' title='bbox 3009 1590 3108 1670; x_wconf 87' lang='lat' dir='ltr'><strong>qui</strong></span> <span class='ocrx_word' id='word_1_115' title='bbox 3154 1603 3194 1648; x_wconf 84' lang='grc' dir='ltr'><strong>ιο</strong></span> 
     </span>
     <span class='ocr_line' id='line_1_14' title="bbox 770 1685 3106 1771; baseline 0.001 -21"><span class='ocrx_word' id='word_1_116' title='bbox 770 1685 938 1751; x_wconf 90' lang='lat' dir='ltr'><strong>tollit</strong></span> <span class='ocrx_word' id='word_1_117' title='bbox 972 1690 1305 1771; x_wconf 83' lang='lat' dir='ltr'><strong>peccatum</strong></span> <span class='ocrx_word' id='word_1_118' title='bbox 1334 1685 1559 1751; x_wconf 89' lang='lat' dir='ltr'><strong>mundi</strong></span> <span class='ocrx_word' id='word_1_119' title='bbox 1584 1706 1659 1763; x_wconf 79' lang='lat'><strong>»;</strong></span> <span class='ocrx_word' id='word_1_120' title='bbox 1690 1686 1804 1751; x_wconf 86' lang='lat' dir='ltr'><strong>ubi</strong></span> <span class='ocrx_word' id='word_1_121' title='bbox 1833 1703 1998 1752; x_wconf 86' lang='lat' dir='ltr'><strong>vero</strong></span> <span class='ocrx_word' id='word_1_122' title='bbox 2027 1685 2443 1752; x_wconf 86' lang='lat' dir='ltr'><strong>maledictum</strong></span> <span class='ocrx_word' id='word_1_123' title='bbox 2473 1685 2852 1771; x_wconf 80' lang='lat' dir='ltr'><strong>significare</strong></span> <span class='ocrx_word' id='word_1_124' title='bbox 2891 1688 3106 1770; x_wconf 86' lang='lat' dir='ltr'><strong>voluit,</strong></span> 
     </span>
     <span class='ocr_line' id='line_1_15' title="bbox 770 1787 3110 1874; baseline 0 -22"><span class='ocrx_word' id='word_1_125' title='bbox 770 1807 903 1853; x_wconf 91' lang='lat' dir='ltr'><strong>non</strong></span> <span class='ocrx_word' id='word_1_126' title='bbox 946 1787 1115 1852; x_wconf 85' lang='lat' dir='ltr'>dixit</span> <span class='ocrx_word' id='word_1_127' title='bbox 1163 1807 1200 1850; x_wconf 79' lang='lat'><strong>&lt;</strong></span> <span class='ocrx_word' id='word_1_128' title='bbox 1234 1787 1647 1853; x_wconf 87' lang='lat' dir='ltr'><strong>maledictum</strong></span> <span class='ocrx_word' id='word_1_129' title='bbox 1694 1787 1964 1872; x_wconf 87' lang='lat' dir='ltr'><strong>pertulit</strong></span> <span class='ocrx_word' id='word_1_130' title='bbox 1993 1809 2056 1871; x_wconf 81' lang='lat'><strong>»‚</strong></span> <span class='ocrx_word' id='word_1_131' title='bbox 2119 1787 2234 1854; x_wconf 87' lang='lat' dir='ltr'><strong>sed</strong></span> <span class='ocrx_word' id='word_1_132' title='bbox 2296 1808 2333 1851; x_wconf 79' lang='lat'><strong>&lt;</strong></span> <span class='ocrx_word' id='word_1_133' title='bbox 2365 1787 2578 1853; x_wconf 87' lang='lat' dir='ltr'><strong>factus</strong></span> <span class='ocrx_word' id='word_1_134' title='bbox 2623 1793 2720 1852; x_wconf 90' lang='lat' dir='ltr'><strong>est</strong></span> <span class='ocrx_word' id='word_1_135' title='bbox 2766 1809 2888 1874; x_wconf 87' lang='lat' dir='ltr'><strong>pro</strong></span> <span class='ocrx_word' id='word_1_136' title='bbox 2933 1789 3110 1854; x_wconf 91' lang='lat' dir='ltr'><strong>nobis</strong></span> 
     </span>
     <span class='ocr_line' id='line_1_16' title="bbox 771 1888 3106 1975; baseline 0.001 -21"><span class='ocrx_word' id='word_1_137' title='bbox 771 1888 1183 1955; x_wconf 88' lang='lat' dir='ltr'><strong>maledictum</strong></span> <span class='ocrx_word' id='word_1_138' title='bbox 1218 1909 1277 1972; x_wconf 71' lang='lat'><strong>2»,</strong></span> <span class='ocrx_word' id='word_1_139' title='bbox 1326 1891 1511 1975; x_wconf 83' lang='lat' dir='ltr'><strong>quasi</strong></span> <span class='ocrx_word' id='word_1_140' title='bbox 1540 1888 1824 1955; x_wconf 86' lang='lat' dir='ltr'><strong>diceret:</strong></span> <span class='ocrx_word' id='word_1_141' title='bbox 1880 1889 2012 1956; x_wconf 86' lang='lat' dir='ltr'><strong>Pro</strong></span> <span class='ocrx_word' id='word_1_142' title='bbox 2057 1890 2246 1955; x_wconf 88' lang='lat' dir='ltr'><strong>nobis</strong></span> <span class='ocrx_word' id='word_1_143' title='bbox 2289 1909 2518 1974; x_wconf 88' lang='lat' dir='ltr'><strong>passus</strong></span> <span class='ocrx_word' id='word_1_144' title='bbox 2563 1895 2628 1955; x_wconf 89' lang='lat' dir='ltr'><strong>et</strong></span> <span class='ocrx_word' id='word_1_145' title='bbox 2675 1896 2972 1956; x_wconf 87' lang='lat' dir='ltr'><strong>mortuus</strong></span> <span class='ocrx_word' id='word_1_146' title='bbox 2999 1897 3106 1973; x_wconf 87' lang='lat' dir='ltr'><strong>est,</strong></span> 
     </span>
     <span class='ocr_line' id='line_1_17' title="bbox 770 1990 2364 2076; baseline 0.001 -20"><span class='ocrx_word' id='word_1_147' title='bbox 770 1997 835 2056; x_wconf 91' lang='lat' dir='ltr'><strong>et</strong></span> <span class='ocrx_word' id='word_1_148' title='bbox 881 1997 1147 2076; x_wconf 86' lang='lat' dir='ltr'><strong>propter</strong></span> <span class='ocrx_word' id='word_1_149' title='bbox 1188 1997 1481 2056; x_wconf 87' lang='lat' dir='ltr'><strong>nostram</strong></span> <span class='ocrx_word' id='word_1_150' title='bbox 1528 1990 1806 2056; x_wconf 89' lang='lat' dir='ltr'><strong>salutem</strong></span> <span class='ocrx_word' id='word_1_151' title='bbox 1851 1990 2206 2057; x_wconf 81' lang='lat' dir='ltr'><strong>crucifixus</strong></span> <span class='ocrx_word' id='word_1_152' title='bbox 2247 1997 2364 2057; x_wconf 90' lang='lat' dir='ltr'><strong>est.</strong></span> 
     </span>
    </p>

    <p class='ocr_par' dir='ltr' id='par_1_5' title="bbox 770 2093 3204 4426">
     <span class='ocr_line' id='line_1_18' title="bbox 858 2093 3193 2178; baseline -0.001 -20"><span class='ocrx_word' id='word_1_153' title='bbox 858 2093 941 2158; x_wconf 89' lang='lat' dir='ltr'><strong>Ut</strong></span> <span class='ocrx_word' id='word_1_154' title='bbox 986 2099 1207 2178; x_wconf 88' lang='lat' dir='ltr'><strong>pateat</strong></span> <span class='ocrx_word' id='word_1_155' title='bbox 1252 2093 1427 2159; x_wconf 90' lang='lat' dir='ltr'><strong>hunc</strong></span> <span class='ocrx_word' id='word_1_156' title='bbox 1472 2113 1615 2158; x_wconf 89' lang='lat' dir='ltr'><strong>esse</strong></span> <span class='ocrx_word' id='word_1_157' title='bbox 1648 2113 1908 2158; x_wconf 89' lang='lat' dir='ltr'><strong>sensum</strong></span> <span class='ocrx_word' id='word_1_158' title='bbox 1956 2094 2336 2178; x_wconf 82' lang='lat' dir='ltr'><strong>verborum,</strong></span> <span class='ocrx_word' id='word_1_159' title='bbox 2379 2093 2648 2161; x_wconf 85' lang='lat' dir='ltr'><strong>addam:</strong></span> <span class='ocrx_word' id='word_1_160' title='bbox 2697 2095 3106 2162; x_wconf 85' lang='lat' dir='ltr'><strong>Maledictum</strong></span> <span class='ocrx_word' id='word_1_161' title='bbox 3153 2114 3193 2157; x_wconf 66' lang='grc' dir='ltr'><strong>ιτ)</strong></span> 
     </span>
     <span class='ocr_line' id='line_1_19' title="bbox 772 2195 3109 2281; baseline 0.001 -21"><span class='ocrx_word' id='word_1_162' title='bbox 772 2198 839 2260; x_wconf 91' lang='lat' dir='ltr'><strong>in</strong></span> <span class='ocrx_word' id='word_1_163' title='bbox 888 2195 1033 2278; x_wconf 83' lang='lat' dir='ltr'><strong>lege</strong></span> <span class='ocrx_word' id='word_1_164' title='bbox 1082 2197 1379 2279; x_wconf 89' lang='lat' dir='ltr'><strong>positum,</strong></span> <span class='ocrx_word' id='word_1_165' title='bbox 1428 2195 1546 2260; x_wconf 89' lang='lat' dir='ltr'><strong>sub</strong></span> <span class='ocrx_word' id='word_1_166' title='bbox 1594 2215 1718 2279; x_wconf 93' lang='lat' dir='ltr'><strong>quo</strong></span> <span class='ocrx_word' id='word_1_167' title='bbox 1765 2195 2033 2279; x_wconf 86' lang='lat' dir='ltr'><strong>quilibet</strong></span> <span class='ocrx_word' id='word_1_168' title='bbox 2081 2203 2384 2280; x_wconf 90' lang='lat' dir='ltr'><strong>peccator</strong></span> <span class='ocrx_word' id='word_1_169' title='bbox 2426 2201 2592 2279; x_wconf 83' lang='lat' dir='ltr'><strong>erat,</strong></span> <span class='ocrx_word' id='word_1_170' title='bbox 2640 2216 2850 2281; x_wconf 89' lang='lat' dir='ltr'><strong>poena</strong></span> <span class='ocrx_word' id='word_1_171' title='bbox 2898 2203 3040 2262; x_wconf 88' lang='lat' dir='ltr'><strong>erat</strong></span> <span class='ocrx_word' id='word_1_172' title='bbox 3073 2217 3109 2261; x_wconf 88' lang='lat' dir='ltr'><strong>a</strong></span> 
     </span>
     <span class='ocr_line' id='line_1_20' title="bbox 772 2296 3106 2382; baseline 0.001 -20"><span class='ocrx_word' id='word_1_173' title='bbox 772 2298 903 2362; x_wconf 90' lang='lat' dir='ltr'><strong>Deo</strong></span> <span class='ocrx_word' id='word_1_174' title='bbox 950 2297 1217 2362; x_wconf 86' lang='lat' dir='ltr'><strong>decreta</strong></span> <span class='ocrx_word' id='word_1_175' title='bbox 1246 2298 1312 2362; x_wconf 92' lang='lat' dir='ltr'><strong>in</strong></span> <span class='ocrx_word' id='word_1_176' title='bbox 1348 2317 1462 2363; x_wconf 88' lang='lat' dir='ltr'><strong>eos</strong></span> <span class='ocrx_word' id='word_1_177' title='bbox 1490 2300 1599 2382; x_wconf 91' lang='lat' dir='ltr'><strong>qui</strong></span> <span class='ocrx_word' id='word_1_178' title='bbox 1629 2296 1846 2382; x_wconf 87' lang='lat' dir='ltr'><strong>legem</strong></span> <span class='ocrx_word' id='word_1_179' title='bbox 1877 2296 2494 2382; x_wconf 65' lang='lat' dir='ltr'><strong>transgrediebantur</strong></span> <span class='ocrx_word' id='word_1_180' title='bbox 2523 2305 2635 2364; x_wconf 88' lang='lat' dir='ltr'><strong>aut</strong></span> <span class='ocrx_word' id='word_1_181' title='bbox 2672 2298 3106 2382; x_wconf 84' lang='lat' dir='ltr'><strong>legislatorem</strong></span> 
     </span>
     <span class='ocr_line' id='line_1_21' title="bbox 770 2399 3108 2485; baseline 0 -21"><span class='ocrx_word' id='word_1_182' title='bbox 770 2399 1329 2484; x_wconf 85' lang='lat' dir='ltr'><strong>blasphemabant.</strong></span> <span class='ocrx_word' id='word_1_183' title='bbox 1380 2399 1463 2464; x_wconf 85' lang='lat' dir='ltr'><strong>Et</strong></span> <span class='ocrx_word' id='word_1_184' title='bbox 1505 2400 1659 2465; x_wconf 85' lang='lat' dir='ltr'><strong>licet</strong></span> <span class='ocrx_word' id='word_1_185' title='bbox 1723 2399 1966 2464; x_wconf 90' lang='lat' dir='ltr'><strong>multae</strong></span> <span class='ocrx_word' id='word_1_186' title='bbox 2014 2399 2440 2485; x_wconf 85' lang='lat' dir='ltr'><strong>diversaeque</strong></span> <span class='ocrx_word' id='word_1_187' title='bbox 2495 2406 2712 2466; x_wconf 86' lang='lat' dir='ltr'><strong>essent</strong></span> <span class='ocrx_word' id='word_1_188' title='bbox 2757 2405 3108 2465; x_wconf 87' lang='lat' dir='ltr'><strong>sententiae</strong></span> 
     </span>
     <span class='ocr_line' id='line_1_22' title="bbox 772 2501 3108 2586; baseline 0 -21"><span class='ocrx_word' id='word_1_189' title='bbox 772 2501 947 2566; x_wconf 88' lang='lat' dir='ltr'><strong>latae</strong></span> <span class='ocrx_word' id='word_1_190' title='bbox 995 2504 1063 2564; x_wconf 92' lang='lat' dir='ltr'><strong>in</strong></span> <span class='ocrx_word' id='word_1_191' title='bbox 1111 2520 1225 2566; x_wconf 93' lang='lat' dir='ltr'><strong>eos</strong></span> <span class='ocrx_word' id='word_1_192' title='bbox 1270 2503 1379 2585; x_wconf 92' lang='lat' dir='ltr'><strong>qui</strong></span> <span class='ocrx_word' id='word_1_193' title='bbox 1424 2501 1587 2566; x_wconf 89' lang='lat' dir='ltr'><strong>talia</strong></span> <span class='ocrx_word' id='word_1_194' title='bbox 1632 2507 1900 2586; x_wconf 89' lang='lat' dir='ltr'><strong>peccata</strong></span> <span class='ocrx_word' id='word_1_195' title='bbox 1931 2501 2440 2585; x_wconf 82' lang='lat' dir='ltr'><strong>committebant,</strong></span> <span class='ocrx_word' id='word_1_196' title='bbox 2487 2503 2780 2568; x_wconf 85' lang='lat' dir='ltr'><strong>membra</strong></span> <span class='ocrx_word' id='word_1_197' title='bbox 2828 2506 3004 2567; x_wconf 85' lang='lat' dir='ltr'><strong>enim</strong></span> <span class='ocrx_word' id='word_1_198' title='bbox 3031 2523 3108 2567; x_wconf 89' lang='lat' dir='ltr'><strong>ex</strong></span> 
     </span>
     <span class='ocr_line' id='line_1_23' title="bbox 774 2603 3194 2689; baseline -0.003 -19"><span class='ocrx_word' id='word_1_199' title='bbox 774 2604 1157 2689; x_wconf 81' lang='lat' dir='ltr'><strong>corporibus</strong></span> <span class='ocrx_word' id='word_1_200' title='bbox 1199 2623 1465 2669; x_wconf 85' lang='lat' dir='ltr'><strong>reorum</strong></span> <span class='ocrx_word' id='word_1_201' title='bbox 1510 2604 2082 2687; x_wconf 81' lang='lat' dir='ltr'><strong>abscindebantur,</strong></span> <span class='ocrx_word' id='word_1_202' title='bbox 2131 2604 2246 2669; x_wconf 90' lang='lat' dir='ltr'><strong>alii</strong></span> <span class='ocrx_word' id='word_1_203' title='bbox 2281 2603 2500 2688; x_wconf 85' lang='lat' dir='ltr'><strong>gladio</strong></span> <span class='ocrx_word' id='word_1_204' title='bbox 2545 2605 2973 2688; x_wconf 83' lang='lat' dir='ltr'><strong>necabantur,</strong></span> <span class='ocrx_word' id='word_1_205' title='bbox 3005 2605 3108 2670; x_wconf 86' lang='lat' dir='ltr'><strong>alii</strong></span> <span class='ocrx_word' id='word_1_206' title='bbox 3151 2617 3194 2663; x_wconf 73' lang='lat' dir='ltr'><strong>m</strong></span> 
     </span>
     <span class='ocr_line' id='line_1_24' title="bbox 772 2705 3108 2792; baseline -0 -20"><span class='ocrx_word' id='word_1_207' title='bbox 772 2706 1251 2792; x_wconf 87' lang='lat' dir='ltr'><strong>lapidabantur,</strong></span> <span class='ocrx_word' id='word_1_208' title='bbox 1277 2705 1395 2771; x_wconf 88' lang='lat' dir='ltr'><strong>alii</strong></span> <span class='ocrx_word' id='word_1_209' title='bbox 1424 2709 1579 2790; x_wconf 86' lang='lat' dir='ltr'><strong>igne</strong></span> <span class='ocrx_word' id='word_1_210' title='bbox 1612 2706 2182 2789; x_wconf 87' lang='lat' dir='ltr'><strong>comburebantur,</strong></span> <span class='ocrx_word' id='word_1_211' title='bbox 2217 2726 2426 2792; x_wconf 87' lang='lat' dir='ltr'><strong>poena</strong></span> <span class='ocrx_word' id='word_1_212' title='bbox 2451 2709 2738 2772; x_wconf 85' lang='lat' dir='ltr'><strong>omnium</strong></span> <span class='ocrx_word' id='word_1_213' title='bbox 2771 2707 3108 2772; x_wconf 86' lang='lat' dir='ltr'><strong>durissima</strong></span> 
     </span>
     <span class='ocr_line' id='line_1_25' title="bbox 774 2807 3104 2895; baseline -0.001 -21"><span class='ocrx_word' id='word_1_214' title='bbox 774 2815 963 2894; x_wconf 88' lang='lat' dir='ltr'><strong>atque</strong></span> <span class='ocrx_word' id='word_1_215' title='bbox 990 2809 1337 2894; x_wconf 87' lang='lat' dir='ltr'><strong>opprobrio</strong></span> <span class='ocrx_word' id='word_1_216' title='bbox 1360 2808 1736 2893; x_wconf 86' lang='lat' dir='ltr'><strong>plenissima</strong></span> <span class='ocrx_word' id='word_1_217' title='bbox 1761 2815 1906 2875; x_wconf 88' lang='lat' dir='ltr'><strong>erat</strong></span> <span class='ocrx_word' id='word_1_218' title='bbox 1937 2807 2276 2875; x_wconf 81' lang='lat' dir='ltr'><strong>crucifixio</strong></span> <span class='ocrx_word' id='word_1_219' title='bbox 2307 2809 2594 2875; x_wconf 88' lang='lat' dir='ltr'><strong>hominis</strong></span> <span class='ocrx_word' id='word_1_220' title='bbox 2622 2830 2818 2894; x_wconf 88' lang='lat' dir='ltr'><strong>super</strong></span> <span class='ocrx_word' id='word_1_221' title='bbox 2847 2809 3104 2895; x_wconf 85' lang='lat' dir='ltr'><strong>lignum.</strong></span> 
     </span>
     <span class='ocr_line' id='line_1_26' title="bbox 774 2909 3106 2995; baseline 0.001 -21"><span class='ocrx_word' id='word_1_222' title='bbox 774 2911 953 2976; x_wconf 89' lang='lat' dir='ltr'><strong>Haec</strong></span> <span class='ocrx_word' id='word_1_223' title='bbox 998 2909 1275 2994; x_wconf 88' lang='lat' dir='ltr'><strong>quidem,</strong></span> <span class='ocrx_word' id='word_1_224' title='bbox 1323 2930 1481 2995; x_wconf 89' lang='lat' dir='ltr'><strong>prae</strong></span> <span class='ocrx_word' id='word_1_225' title='bbox 1528 2914 1768 2976; x_wconf 88' lang='lat' dir='ltr'><strong>ceteris</strong></span> <span class='ocrx_word' id='word_1_226' title='bbox 1813 2913 2172 2994; x_wconf 86' lang='lat' dir='ltr'><strong>sententiis,</strong></span> <span class='ocrx_word' id='word_1_227' title='bbox 2221 2911 2726 2977; x_wconf 82' lang='lat' dir='ltr'><strong>existimabatur</strong></span> <span class='ocrx_word' id='word_1_228' title='bbox 2769 2912 3106 2995; x_wconf 86' lang='lat' dir='ltr'><strong>opprobrio</strong></span> 
     </span>
     <span class='ocr_line' id='line_1_27' title="bbox 773 3012 3112 3098; baseline -0 -20"><span class='ocrx_word' id='word_1_229' title='bbox 773 3019 839 3078; x_wconf 89' lang='lat' dir='ltr'><strong>et</strong></span> <span class='ocrx_word' id='word_1_230' title='bbox 884 3015 1247 3098; x_wconf 82' lang='lat' dir='ltr'><strong>ignominia</strong></span> <span class='ocrx_word' id='word_1_231' title='bbox 1294 3012 1506 3098; x_wconf 86' lang='lat' dir='ltr'><strong>plena,</strong></span> <span class='ocrx_word' id='word_1_232' title='bbox 1570 3019 1840 3097; x_wconf 87' lang='lat' dir='ltr'><strong>eratque</strong></span> <span class='ocrx_word' id='word_1_233' title='bbox 1887 3013 2266 3098; x_wconf 88' lang='lat' dir='ltr'><strong>supplicium</strong></span> <span class='ocrx_word' id='word_1_234' title='bbox 2315 3012 2546 3078; x_wconf 86' lang='lat' dir='ltr'><strong>durum</strong></span> <span class='ocrx_word' id='word_1_235' title='bbox 2609 3012 2777 3098; x_wconf 86' lang='lat' dir='ltr'><strong>quod</strong></span> <span class='ocrx_word' id='word_1_236' title='bbox 2821 3013 3112 3078; x_wconf 87' lang='lat' dir='ltr'><strong>Christus</strong></span> 
     </span>
     <span class='ocr_line' id='line_1_28' title="bbox 772 3114 3194 3199; baseline -0.003 -18"><span class='ocrx_word' id='word_1_237' title='bbox 772 3119 973 3181; x_wconf 89' lang='lat' dir='ltr'><strong>etiam</strong></span> <span class='ocrx_word' id='word_1_238' title='bbox 997 3115 1194 3180; x_wconf 88' lang='lat' dir='ltr'><strong>subiit</strong></span> <span class='ocrx_word' id='word_1_239' title='bbox 1224 3135 1371 3180; x_wconf 89' lang='lat' dir='ltr'><strong>cum</strong></span> <span class='ocrx_word' id='word_1_240' title='bbox 1400 3114 1816 3180; x_wconf 88' lang='lat' dir='ltr'><strong>maledictum</strong></span> <span class='ocrx_word' id='word_1_241' title='bbox 1851 3114 2166 3180; x_wconf 88' lang='lat' dir='ltr'><strong>adversus</strong></span> <span class='ocrx_word' id='word_1_242' title='bbox 2195 3133 2316 3180; x_wconf 89' lang='lat' dir='ltr'><strong>nos</strong></span> <span class='ocrx_word' id='word_1_243' title='bbox 2361 3134 2480 3199; x_wconf 85' lang='lat' dir='ltr'><strong>per</strong></span> <span class='ocrx_word' id='word_1_244' title='bbox 2523 3114 2740 3198; x_wconf 86' lang='lat' dir='ltr'><strong>legem</strong></span> <span class='ocrx_word' id='word_1_245' title='bbox 2785 3114 3106 3180; x_wconf 88' lang='lat' dir='ltr'><strong>decretum</strong></span> <span class='ocrx_word' id='word_1_246' title='bbox 3151 3129 3194 3173; x_wconf 63' lang='grc' dir='ltr'><strong><em>π</em></strong></span> 
     </span>
     <span class='ocr_line' id='line_1_29' title="bbox 774 3215 3106 3300; baseline -0.001 -19"><span class='ocrx_word' id='word_1_247' title='bbox 774 3217 1039 3282; x_wconf 81' lang='lat' dir='ltr'><strong>auferre</strong></span> <span class='ocrx_word' id='word_1_248' title='bbox 1086 3216 1309 3280; x_wconf 83' lang='lat' dir='ltr'><strong>voluit.</strong></span> <span class='ocrx_word' id='word_1_249' title='bbox 1360 3216 1503 3300; x_wconf 90' lang='lat' dir='ltr'><strong>Ipse</strong></span> <span class='ocrx_word' id='word_1_250' title='bbox 1536 3218 1712 3281; x_wconf 90' lang='lat' dir='ltr'><strong>enim</strong></span> <span class='ocrx_word' id='word_1_251' title='bbox 1743 3235 1875 3280; x_wconf 94' lang='lat' dir='ltr'><strong>non</strong></span> <span class='ocrx_word' id='word_1_252' title='bbox 1921 3215 2128 3280; x_wconf 91' lang='lat' dir='ltr'><strong>solum</strong></span> <span class='ocrx_word' id='word_1_253' title='bbox 2160 3235 2420 3280; x_wconf 87' lang='lat' dir='ltr'><strong>crucem</strong></span> <span class='ocrx_word' id='word_1_254' title='bbox 2465 3219 2736 3300; x_wconf 88' lang='lat' dir='ltr'><strong>accepit,</strong></span> <span class='ocrx_word' id='word_1_255' title='bbox 2777 3216 2893 3282; x_wconf 92' lang='lat' dir='ltr'><strong>sed</strong></span> <span class='ocrx_word' id='word_1_256' title='bbox 2923 3219 3106 3280; x_wconf 85' lang='lat' dir='ltr'><strong>etiam</strong></span> 
     </span>
     <span class='ocr_line' id='line_1_30' title="bbox 773 3317 3108 3404; baseline -0.001 -18"><span class='ocrx_word' id='word_1_257' title='bbox 773 3318 1127 3388; x_wconf 84' lang='lat' dir='ltr'><strong>crucifixus</strong></span> <span class='ocrx_word' id='word_1_258' title='bbox 1171 3327 1301 3396; x_wconf 87' lang='lat' dir='ltr'><strong>est;</strong></span> <span class='ocrx_word' id='word_1_259' title='bbox 1352 3326 1417 3384; x_wconf 91' lang='lat' dir='ltr'><strong>et</strong></span> <span class='ocrx_word' id='word_1_260' title='bbox 1462 3339 1595 3384; x_wconf 90' lang='lat' dir='ltr'><strong>non</strong></span> <span class='ocrx_word' id='word_1_261' title='bbox 1626 3319 1836 3384; x_wconf 91' lang='lat' dir='ltr'><strong>solum</strong></span> <span class='ocrx_word' id='word_1_262' title='bbox 1881 3325 2158 3384; x_wconf 84' lang='lat' dir='ltr'><strong>externo</strong></span> <span class='ocrx_word' id='word_1_263' title='bbox 2189 3317 2382 3384; x_wconf 91' lang='lat' dir='ltr'><strong>modo</strong></span> <span class='ocrx_word' id='word_1_264' title='bbox 2427 3322 2794 3404; x_wconf 86' lang='lat' dir='ltr'><strong>passionem</strong></span> <span class='ocrx_word' id='word_1_265' title='bbox 2843 3324 2910 3383; x_wconf 90' lang='lat' dir='ltr'><strong>et</strong></span> <span class='ocrx_word' id='word_1_266' title='bbox 2947 3339 3108 3384; x_wconf 80' lang='lat' dir='ltr'><strong>mor·</strong></span> 
     </span>
     <span class='ocr_line' id='line_1_31' title="bbox 774 3421 3112 3508; baseline -0.002 -20"><span class='ocrx_word' id='word_1_267' title='bbox 774 3431 905 3489; x_wconf 90' lang='lat' dir='ltr'><strong>tem</strong></span> <span class='ocrx_word' id='word_1_268' title='bbox 951 3422 1235 3508; x_wconf 89' lang='lat' dir='ltr'><strong>pertulit,</strong></span> <span class='ocrx_word' id='word_1_269' title='bbox 1284 3422 1399 3488; x_wconf 88' lang='lat' dir='ltr'><strong>sed</strong></span> <span class='ocrx_word' id='word_1_270' title='bbox 1444 3441 1683 3487; x_wconf 86' lang='lat' dir='ltr'><strong>revera</strong></span> <span class='ocrx_word' id='word_1_271' title='bbox 1731 3441 1958 3508; x_wconf 90' lang='lat' dir='ltr'><strong>passus</strong></span> <span class='ocrx_word' id='word_1_272' title='bbox 2003 3427 2068 3486; x_wconf 89' lang='lat' dir='ltr'><strong>et</strong></span> <span class='ocrx_word' id='word_1_273' title='bbox 2111 3427 2405 3486; x_wconf 87' lang='lat' dir='ltr'><strong>mortuus</strong></span> <span class='ocrx_word' id='word_1_274' title='bbox 2450 3426 2568 3485; x_wconf 89' lang='lat' dir='ltr'><strong>est.</strong></span> <span class='ocrx_word' id='word_1_275' title='bbox 2616 3421 2896 3504; x_wconf 90' lang='lat' dir='ltr'><strong>Etenim,</strong></span> <span class='ocrx_word' id='word_1_276' title='bbox 2946 3421 3112 3486; x_wconf 91' lang='lat' dir='ltr'><strong>aliud</strong></span> 
     </span>
     <span class='ocr_line' id='line_1_32' title="bbox 774 3521 3113 3608; baseline -0.002 -18"><span class='ocrx_word' id='word_1_277' title='bbox 774 3527 1191 3591; x_wconf 81' lang='lat' dir='ltr'><strong>existimatur</strong></span> <span class='ocrx_word' id='word_1_278' title='bbox 1234 3544 1377 3589; x_wconf 90' lang='lat' dir='ltr'><strong>esse</strong></span> <span class='ocrx_word' id='word_1_279' title='bbox 1426 3524 1593 3608; x_wconf 92' lang='lat' dir='ltr'><strong>quod</strong></span> <span class='ocrx_word' id='word_1_280' title='bbox 1639 3526 1782 3608; x_wconf 89' lang='lat' dir='ltr'><strong>quis</strong></span> <span class='ocrx_word' id='word_1_281' title='bbox 1813 3529 2100 3588; x_wconf 86' lang='lat' dir='ltr'><strong>assumat</strong></span> <span class='ocrx_word' id='word_1_282' title='bbox 2147 3521 2390 3607; x_wconf 88' lang='lat' dir='ltr'><strong>aliquid</strong></span> <span class='ocrx_word' id='word_1_283' title='bbox 2420 3542 2461 3587; x_wconf 90' lang='lat' dir='ltr'><strong>a</strong></span> <span class='ocrx_word' id='word_1_284' title='bbox 2509 3542 2577 3588; x_wconf 91' lang='lat' dir='ltr'><strong>se</strong></span> <span class='ocrx_word' id='word_1_285' title='bbox 2617 3521 3010 3605; x_wconf 86' lang='lat' dir='ltr'><strong>distinctum,</strong></span> <span class='ocrx_word' id='word_1_286' title='bbox 3057 3529 3113 3586; x_wconf 85' lang='lat' dir='ltr'><strong>et</strong></span> 
     </span>
     <span class='ocr_line' id='line_1_33' title="bbox 776 3623 3193 3710; baseline -0.004 -19"><span class='ocrx_word' id='word_1_287' title='bbox 776 3626 952 3692; x_wconf 86' lang='lat' dir='ltr'><strong>aliud</strong></span> <span class='ocrx_word' id='word_1_288' title='bbox 1000 3625 1167 3710; x_wconf 88' lang='lat' dir='ltr'><strong>quod</strong></span> <span class='ocrx_word' id='word_1_289' title='bbox 1196 3628 1335 3710; x_wconf 88' lang='lat' dir='ltr'><strong>ipse</strong></span> <span class='ocrx_word' id='word_1_290' title='bbox 1367 3624 1481 3690; x_wconf 87' lang='lat' dir='ltr'><strong>fiat</strong></span> <span class='ocrx_word' id='word_1_291' title='bbox 1512 3625 1579 3689; x_wconf 92' lang='lat' dir='ltr'><strong>id</strong></span> <span class='ocrx_word' id='word_1_292' title='bbox 1610 3624 1780 3708; x_wconf 91' lang='lat' dir='ltr'><strong>quod</strong></span> <span class='ocrx_word' id='word_1_293' title='bbox 1809 3627 2230 3710; x_wconf 84' lang='lat' dir='ltr'><strong>assumpsisse</strong></span> <span class='ocrx_word' id='word_1_294' title='bbox 2261 3623 2519 3688; x_wconf 81' lang='lat' dir='ltr'><strong>dicitur.</strong></span> <span class='ocrx_word' id='word_1_295' title='bbox 2567 3623 2870 3688; x_wconf 89' lang='lat' dir='ltr'><strong>Christus</strong></span> <span class='ocrx_word' id='word_1_296' title='bbox 2913 3627 3110 3708; x_wconf 87' lang='lat' dir='ltr'><strong>igitur</strong></span> <span class='ocrx_word' id='word_1_297' title='bbox 3151 3639 3193 3682; x_wconf 79' lang='lat'><strong>³0</strong></span> 
     </span>
     <span class='ocr_line' id='line_1_34' title="bbox 776 3725 3109 3814; baseline -0.002 -20"><span class='ocrx_word' id='word_1_298' title='bbox 776 3735 1111 3814; x_wconf 84' lang='lat' dir='ltr'><strong>peccatum</strong></span> <span class='ocrx_word' id='word_1_299' title='bbox 1156 3726 1327 3793; x_wconf 79' lang='lat' dir='ltr'><strong>*non</strong></span> <span class='ocrx_word' id='word_1_300' title='bbox 1371 3728 1583 3793; x_wconf 87' lang='lat' dir='ltr'><strong>factus</strong></span> <span class='ocrx_word' id='word_1_301' title='bbox 1628 3734 1747 3811; x_wconf 91' lang='lat' dir='ltr'><strong>est,</strong></span> <span class='ocrx_word' id='word_1_302' title='bbox 1795 3727 1909 3792; x_wconf 91' lang='lat' dir='ltr'><strong>sed</strong></span> <span class='ocrx_word' id='word_1_303' title='bbox 1954 3726 2116 3792; x_wconf 92' lang='lat' dir='ltr'><strong>illud</strong></span> <span class='ocrx_word' id='word_1_304' title='bbox 2160 3726 2459 3812; x_wconf 88' lang='lat' dir='ltr'><strong>pertulit;</strong></span> <span class='ocrx_word' id='word_1_305' title='bbox 2510 3725 2720 3792; x_wconf 82' lang='lat' dir='ltr'><strong>factus</strong></span> <span class='ocrx_word' id='word_1_306' title='bbox 2766 3733 2866 3791; x_wconf 89' lang='lat' dir='ltr'><strong>est</strong></span> <span class='ocrx_word' id='word_1_307' title='bbox 2903 3733 3109 3792; x_wconf 87' lang='lat' dir='ltr'><strong>autem</strong></span> 
     </span>
     <span class='ocr_line' id='line_1_35' title="bbox 778 3829 3110 3915; baseline -0.002 -18"><span class='ocrx_word' id='word_1_308' title='bbox 778 3831 1210 3915; x_wconf 85' lang='lat' dir='ltr'><strong>maledictum,</strong></span> <span class='ocrx_word' id='word_1_309' title='bbox 1259 3834 1409 3915; x_wconf 90' lang='lat' dir='ltr'><strong>quia</strong></span> <span class='ocrx_word' id='word_1_310' title='bbox 1456 3849 1693 3896; x_wconf 86' lang='lat' dir='ltr'><strong>revera</strong></span> <span class='ocrx_word' id='word_1_311' title='bbox 1741 3849 1968 3915; x_wconf 87' lang='lat' dir='ltr'><strong>passus</strong></span> <span class='ocrx_word' id='word_1_312' title='bbox 2013 3835 2079 3894; x_wconf 90' lang='lat' dir='ltr'><strong>et</strong></span> <span class='ocrx_word' id='word_1_313' title='bbox 2123 3837 2420 3895; x_wconf 84' lang='lat' dir='ltr'><strong>mortuus</strong></span> <span class='ocrx_word' id='word_1_314' title='bbox 2465 3835 2580 3894; x_wconf 89' lang='lat' dir='ltr'><strong>est.</strong></span> <span class='ocrx_word' id='word_1_315' title='bbox 2629 3830 2712 3894; x_wconf 80' lang='lat' dir='ltr'><strong>Et</strong></span> <span class='ocrx_word' id='word_1_316' title='bbox 2757 3829 2936 3894; x_wconf 89' lang='lat' dir='ltr'><strong>aliud</strong></span> <span class='ocrx_word' id='word_1_317' title='bbox 2981 3849 3110 3894; x_wconf 88' lang='lat' dir='ltr'><strong>esse</strong></span> 
     </span>
     <span class='ocr_line' id='line_1_36' title="bbox 777 3932 3112 4017; baseline -0.002 -18"><span class='ocrx_word' id='word_1_318' title='bbox 777 3933 959 4017; x_wconf 88' lang='lat' dir='ltr'><strong>illud,</strong></span> <span class='ocrx_word' id='word_1_319' title='bbox 984 3934 1162 3999; x_wconf 91' lang='lat' dir='ltr'><strong>aliud</strong></span> <span class='ocrx_word' id='word_1_320' title='bbox 1192 3953 1355 3998; x_wconf 85' lang='lat' dir='ltr'><strong>vero</strong></span> <span class='ocrx_word' id='word_1_321' title='bbox 1379 3933 1521 4016; x_wconf 86' lang='lat' dir='ltr'><strong>hoc,</strong></span> <span class='ocrx_word' id='word_1_322' title='bbox 1550 3933 1886 4017; x_wconf 89' lang='lat' dir='ltr'><strong>Scriptura</strong></span> <span class='ocrx_word' id='word_1_323' title='bbox 1912 3939 2139 3998; x_wconf 86' lang='lat' dir='ltr'><strong>sancta</strong></span> <span class='ocrx_word' id='word_1_324' title='bbox 2166 3937 2458 3998; x_wconf 88' lang='lat' dir='ltr'><strong>testatur.</strong></span> <span class='ocrx_word' id='word_1_325' title='bbox 2487 3933 2668 3998; x_wconf 88' lang='lat' dir='ltr'><strong>Dicet</strong></span> <span class='ocrx_word' id='word_1_326' title='bbox 2692 3937 2870 3997; x_wconf 90' lang='lat' dir='ltr'><strong>enim</strong></span> <span class='ocrx_word' id='word_1_327' title='bbox 2901 3932 3112 4016; x_wconf 82' lang='lat' dir='ltr'><strong>IsaiaS,</strong></span> 
     </span>
     <span class='ocr_line' id='line_1_37' title="bbox 778 4034 3114 4120; baseline -0.001 -19"><span class='ocrx_word' id='word_1_328' title='bbox 778 4057 855 4101; x_wconf 90' lang='lat' dir='ltr'><strong>eo</strong></span> <span class='ocrx_word' id='word_1_329' title='bbox 903 4035 1070 4120; x_wconf 89' lang='lat' dir='ltr'><strong>quod</strong></span> <span class='ocrx_word' id='word_1_330' title='bbox 1114 4035 1416 4100; x_wconf 86' lang='lat' dir='ltr'><strong>Christus</strong></span> <span class='ocrx_word' id='word_1_331' title='bbox 1460 4034 1720 4100; x_wconf 78' lang='lat' dir='ltr'><strong>futurus</strong></span> <span class='ocrx_word' id='word_1_332' title='bbox 1765 4040 1909 4100; x_wconf 90' lang='lat' dir='ltr'><strong>erat</strong></span> <span class='ocrx_word' id='word_1_333' title='bbox 1955 4034 2390 4118; x_wconf 88' lang='lat' dir='ltr'><strong>maledictum,</strong></span> <span class='ocrx_word' id='word_1_334' title='bbox 2430 4034 2496 4100; x_wconf 90' lang='lat' dir='ltr'><strong>id</strong></span> <span class='ocrx_word' id='word_1_335' title='bbox 2544 4041 2660 4118; x_wconf 88' lang='lat' dir='ltr'><strong>est,</strong></span> <span class='ocrx_word' id='word_1_336' title='bbox 2709 4055 3016 4118; x_wconf 86' lang='lat' dir='ltr'><strong>passurus</strong></span> <span class='ocrx_word' id='word_1_337' title='bbox 3057 4041 3114 4098; x_wconf 91' lang='lat' dir='ltr'><strong>et</strong></span> 
     </span>
     <span class='ocr_line' id='line_1_38' title="bbox 776 4136 3204 4223; baseline -0.002 -19"><span class='ocrx_word' id='word_1_338' title='bbox 776 4142 1165 4204; x_wconf 84' lang='lat' dir='ltr'><strong>moriturus:</strong></span> <span class='ocrx_word' id='word_1_339' title='bbox 1204 4159 1240 4201; x_wconf 83' lang='lat'>‹</span> <span class='ocrx_word' id='word_1_340' title='bbox 1265 4138 1651 4221; x_wconf 85' lang='lat' dir='ltr'><strong>Languores</strong></span> <span class='ocrx_word' id='word_1_341' title='bbox 1681 4142 1942 4202; x_wconf 85' lang='lat' dir='ltr'><strong>nostros</strong></span> <span class='ocrx_word' id='word_1_342' title='bbox 1973 4139 2108 4221; x_wconf 91' lang='lat' dir='ltr'><strong>ipse</strong></span> <span class='ocrx_word' id='word_1_343' title='bbox 2139 4136 2311 4203; x_wconf 87' lang='lat' dir='ltr'><strong>feret</strong></span> <span class='ocrx_word' id='word_1_344' title='bbox 2344 4143 2409 4202; x_wconf 89' lang='lat' dir='ltr'><strong>et</strong></span> <span class='ocrx_word' id='word_1_345' title='bbox 2443 4158 2562 4223; x_wconf 87' lang='lat' dir='ltr'><strong>pro</strong></span> <span class='ocrx_word' id='word_1_346' title='bbox 2591 4137 2780 4202; x_wconf 91' lang='lat' dir='ltr'><strong>nobis</strong></span> <span class='ocrx_word' id='word_1_347' title='bbox 2803 4139 3106 4221; x_wconf 80' lang='lat' dir='ltr'><strong>patietur3</strong></span> <span class='ocrx_word' id='word_1_348' title='bbox 3159 4145 3204 4190; x_wconf 77' lang='lat'><strong>³5</strong></span> 
     </span>
     <span class='ocr_line' id='line_1_39' title="bbox 778 4238 3107 4326; baseline -0.002 -20"><span class='ocrx_word' id='word_1_349' title='bbox 778 4247 843 4306; x_wconf 91' lang='lat' dir='ltr'><strong>et</strong></span> <span class='ocrx_word' id='word_1_350' title='bbox 885 4261 1007 4306; x_wconf 90' lang='lat' dir='ltr'><strong>nos</strong></span> <span class='ocrx_word' id='word_1_351' title='bbox 1052 4243 1421 4326; x_wconf 85' lang='lat' dir='ltr'><strong>putavimus</strong></span> <span class='ocrx_word' id='word_1_352' title='bbox 1467 4259 1613 4304; x_wconf 88' lang='lat' dir='ltr'><strong>eum</strong></span> <span class='ocrx_word' id='word_1_353' title='bbox 1662 4242 1847 4324; x_wconf 89' lang='lat' dir='ltr'><strong>quasi</strong></span> <span class='ocrx_word' id='word_1_354' title='bbox 1878 4238 2329 4322; x_wconf 83' lang='lat' dir='ltr'><strong>defatigatum,</strong></span> <span class='ocrx_word' id='word_1_355' title='bbox 2363 4245 2427 4304; x_wconf 91' lang='lat' dir='ltr'><strong>et</strong></span> <span class='ocrx_word' id='word_1_356' title='bbox 2474 4258 2850 4324; x_wconf 88' lang='lat' dir='ltr'><strong>percussum</strong></span> <span class='ocrx_word' id='word_1_357' title='bbox 2897 4258 2937 4302; x_wconf 89' lang='lat' dir='ltr'><strong>a</strong></span> <span class='ocrx_word' id='word_1_358' title='bbox 2969 4239 3107 4319; x_wconf 91' lang='lat' dir='ltr'><strong>De0,</strong></span> 
     </span>
     <span class='ocr_line' id='line_1_40' title="bbox 777 4341 3108 4426; baseline -0.003 -18"><span class='ocrx_word' id='word_1_359' title='bbox 777 4349 843 4408; x_wconf 90' lang='lat' dir='ltr'><strong>et</strong></span> <span class='ocrx_word' id='word_1_360' title='bbox 889 4343 1008 4408; x_wconf 91' lang='lat' dir='ltr'><strong>sub</strong></span> <span class='ocrx_word' id='word_1_361' title='bbox 1052 4343 1373 4426; x_wconf 87' lang='lat' dir='ltr'><strong>languore</strong></span> <span class='ocrx_word' id='word_1_362' title='bbox 1420 4341 1665 4406; x_wconf 87' lang='lat' dir='ltr'><strong>factum</strong></span> <span class='ocrx_word' id='word_1_363' title='bbox 1697 4363 1772 4418; x_wconf 77' lang='lat'><strong>&gt;3</strong></span> <span class='ocrx_word' id='word_1_364' title='bbox 1822 4341 1888 4405; x_wconf 92' lang='lat' dir='ltr'><strong>id</strong></span> <span class='ocrx_word' id='word_1_365' title='bbox 1929 4348 2047 4416; x_wconf 85' lang='lat' dir='ltr'><strong>est,</strong></span> <span class='ocrx_word' id='word_1_366' title='bbox 2097 4362 2134 4406; x_wconf 81' lang='grc'><strong>«</strong></span> <span class='ocrx_word' id='word_1_367' title='bbox 2167 4345 2418 4406; x_wconf 88' lang='lat' dir='ltr'><strong>occisus</strong></span> <span class='ocrx_word' id='word_1_368' title='bbox 2449 4346 2546 4406; x_wconf 89' lang='lat' dir='ltr'><strong>est</strong></span> <span class='ocrx_word' id='word_1_369' title='bbox 2577 4345 2843 4425; x_wconf 87' lang='lat' dir='ltr'><strong>propter</strong></span> <span class='ocrx_word' id='word_1_370' title='bbox 2875 4341 3108 4405; x_wconf 87' lang='lat' dir='ltr'><strong>scelera</strong></span> 
     </span>
    </p>
   </div>
   <div class='ocr_carea' id='block_1_5' title="bbox 868 4561 2661 4632">
    <p class='ocr_par' dir='ltr' id='par_1_6' title="bbox 868 4561 2661 4632">
     <span class='ocr_line' id='line_1_41' title="bbox 868 4561 2661 4632; baseline 0 -15"><span class='ocrx_word' id='word_1_371' title='bbox 868 4565 885 4593; x_wconf 89' lang='lat'>¹</span> <span class='ocrx_word' id='word_1_372' title='bbox 925 4563 945 4617; x_wconf 93' lang='lat'>1</span> <span class='ocrx_word' id='word_1_373' title='bbox 984 4563 1189 4625; x_wconf 70' lang='lat' dir='ltr'><strong>Pars..</strong></span> <span class='ocrx_word' id='word_1_374' title='bbox 1228 4575 1287 4632; x_wconf 88' lang='lat'><strong>11,</strong></span> <span class='ocrx_word' id='word_1_375' title='bbox 1324 4563 1409 4617; x_wconf 82' lang='lat'><strong>24.</strong></span> <span class='ocrx_word' id='word_1_376' title='bbox 1438 4592 1506 4602; x_wconf 92' lang='lat'>—</span> <span class='ocrx_word' id='word_1_377' title='bbox 1547 4561 1780 4626; x_wconf 77' lang='lat' dir='ltr'><strong>²R0m.‚</strong></span> <span class='ocrx_word' id='word_1_378' title='bbox 1816 4575 1896 4624; x_wconf 79' lang='lat' dir='ltr'><strong>vi,</strong></span> <span class='ocrx_word' id='word_1_379' title='bbox 1932 4561 1983 4614; x_wconf 91' lang='lat'><strong>6.</strong></span> <span class='ocrx_word' id='word_1_380' title='bbox 2021 4591 2089 4601; x_wconf 92' lang='lat'>—</span> <span class='ocrx_word' id='word_1_381' title='bbox 2130 4561 2150 4591; x_wconf 82' lang='lat'><strong>³</strong></span> <span class='ocrx_word' id='word_1_382' title='bbox 2187 4562 2461 4626; x_wconf 61' lang='lat' dir='ltr'><strong>lorum-1„</strong></span> <span class='ocrx_word' id='word_1_383' title='bbox 2499 4576 2537 4626; x_wconf 86' lang='lat'><strong>1,</strong></span> <span class='ocrx_word' id='word_1_384' title='bbox 2573 4563 2661 4618; x_wconf 82' lang='lat'><strong>29.</strong></span> 
     </span>
    </p>
   </div>
  </div>
 </body>
</html>
