3400 5642
206 1562 264 1609 10

204 2067 262 2113 15

1300 481 1414 569 s«
1456 481 1546 545 ⁷3
1590 481 1704 568 »a-

321 627 678 710 lecumque.
715 625 806 690 De
853 628 994 709 ipso
1040 624 1296 709 quidem
1345 624 1564 689 dicere
1612 623 1893 688 solemus
1916 623 2121 689 multa
2152 643 2317 707 quae
2349 626 2413 687 in
2440 644 2519 689 eo
2546 642 2669 689 non

320 734 490 811 sunt,
538 733 606 792 at
651 730 974 792 rationem
1020 728 1442 791 exsistentiae
1491 729 1632 790 eius
1678 723 1951 791 definire
2005 744 2133 790 non
2168 745 2523 810 possumuS‚
2560 725 2673 791 sed

320 830 648 895 credimus
692 836 942 895 tantum
989 849 1138 893 eum
1183 848 1326 893 esse
1357 830 1550 893 sicuti
1595 833 1714 910 est,
1762 830 1827 891 in
1875 828 2075 893 Patre
2121 828 2675 911 incomprehensi-

320 932 540 1016 bilem,
588 936 654 995 in
703 931 940 997 mundo
985 929 1326 1013 infinitum,
1373 933 1440 995 in
1485 931 1763 1015 Virgine
1787 928 2215 1006 ineffabilem;
2249 950 2367 995 nec
2390 950 2673 1014 unquam

320 1037 689 1118 cogitamus
733 1053 882 1099 eum
929 1033 1175 1099 habere
1222 1038 1444 1117 partes
1489 1038 1602 1097 aut
1649 1035 1715 1096 in
1764 1032 2075 1098 membris
2120 1035 2421 1117 agnosci;
2472 1032 2587 1099 sed
2618 1036 2674 1095 si

318 1140 388 1199 in
435 1136 632 1201 Patre
681 1142 796 1218 est,
830 1140 1003 1201 totus
1049 1134 1288 1201 dicitur
1333 1154 1496 1217 esse,
1543 1140 1719 1199 totus
1764 1138 1938 1199 enim
1984 1154 2071 1199 ex
2116 1154 2195 1200 eo
2242 1140 2433 1199 natus
2480 1140 2579 1201 est
2610 1140 2673 1199 et

317 1244 498 1303 totus
543 1241 780 1303 mansit
824 1241 892 1301 in
939 1256 1216 1322 persona
1263 1258 1400 1319 sua,
1449 1242 1515 1301 et
1559 1241 1735 1302 totus
1780 1242 1879 1301 est
1924 1239 1990 1299 in
2051 1239 2335 1313 naturis;
2386 1243 2559 1303 totus
2604 1240 2671 1301 in

319 1342 649 1405 creaturis
695 1342 1092 1424 agnoscitur,
1141 1345 1206 1405 et
1251 1342 1318 1403 in
1365 1339 1706 1405 elementis
1751 1341 1963 1403 virtus
2009 1341 2151 1403 eius
2204 1339 2560 1422 revelatur,
2609 1344 2674 1403 et

317 1445 387 1506 in
435 1440 674 1507 mundo
719 1445 1016 1527 operatio
1060 1443 1206 1507 eius
1265 1440 1646 1523 ostenditur,
1693 1444 1761 1504 et
1806 1442 1871 1503 in
1918 1443 2089 1505 mari
2141 1443 2487 1525 imperium
2533 1444 2675 1506 eius

318 1544 604 1627 videtur,
653 1549 717 1608 et
765 1548 830 1608 in
877 1546 1092 1608 ventis
1136 1544 1442 1609 celeritas
1487 1546 1630 1607 eius
1673 1541 1965 1625 discitur,
1999 1549 2064 1607 et
2094 1545 2160 1607 in
2195 1543 2469 1627 Virgine
2498 1548 2675 1609 totus

320 1644 682 1714 habitavit!

412 1749 592 1813 Haec
639 1768 802 1833 ergo
849 1746 1197 1832 cogitanda
1245 1751 1391 1811 sunt
1440 1746 1518 1810 de
1566 1767 1644 1811 eo
1691 1748 1801 1831 qui
1832 1749 2089 1812 exsistit
2120 1751 2186 1811 et
2217 1766 2475 1831 semper
2499 1750 2675 1813 exsi-

319 1853 455 1934 stit,
504 1854 612 1935 qui
669 1854 810 1915 sine
872 1852 1058 1915 initio
1105 1854 1172 1915 et
1231 1852 1372 1913 sine
1417 1846 1544 1913 fine
1590 1853 1721 1925 est;
1794 1848 1875 1913 de
1930 1868 2053 1932 quo
2114 1848 2279 1912 nihil
2340 1848 2519 1913 aliud
2579 1848 2677 1914 di-

319 1972 475 2017 cere
522 1971 860 2036 possumus
905 1957 1171 2036 praeter
1215 1949 1283 2014 id
1329 1950 1538 2015 solum
1584 1949 1753 2034 quod
1798 1952 2055 2015 exsistit
2086 1951 2236 2033 quia
2270 1953 2547 2033 genituS,
2610 1956 2676 2014 et

319 2054 494 2139 quod
540 2058 798 2138 genitus
844 2059 943 2119 est
989 2053 1072 2117 ab
1119 2072 1197 2117 eo
1244 2055 1353 2136 qui
1399 2057 1516 2117 est.
1565 2052 1756 2116 Illum
1802 2072 1843 2116 a
1888 2052 2087 2117 Patre
2138 2055 2427 2136 genitum
2480 2050 2677 2117 confi-

317 2162 540 2221 temur
585 2159 736 2239 quia
781 2155 908 2221 hoc
953 2175 989 2219 e
1037 2154 1389 2238 Scripturis
1441 2153 1803 2235 didicimuS,
1866 2172 1985 2219 nec
2043 2152 2353 2219 *Genitor
2412 2160 2677 2239 putatur
2770 2204 2786 2219 .

319 2278 476 2322 eum
521 2277 606 2323 ex
652 2262 838 2342 parte
888 2259 1208 2341 genuisse,
1257 2275 1375 2321 nec
1421 2255 1531 2320 ille
1579 2258 1690 2340 qui
1738 2259 1993 2340 genitus
2038 2262 2136 2321 est
2180 2256 2387 2321 Filius
2416 2259 2557 2321 eius
2588 2277 2673 2321 ex

319 2364 512 2444 parte
559 2378 702 2423 esse
748 2361 1182 2423 existimatur.
1233 2356 1396 2421 Cum
1429 2363 1649 2422 autem
1678 2356 1918 2421 mulier
1946 2358 2276 2422 hominem
2307 2360 2501 2442 parit,
2526 2378 2675 2423 eum

319 2464 509 2545 prius
551 2462 620 2524 in
664 2465 853 2524 utero
898 2462 1204 2543 portavit,
1253 2466 1319 2525 et
1365 2459 1477 2524 ille
1525 2462 1634 2543 qui
1679 2462 1748 2523 in
1795 2458 1995 2523 vulva
2042 2464 2387 2543 conceptus
2417 2465 2516 2525 est
2560 2480 2675 2525 na-

319 2565 550 2646 scitur,
599 2568 665 2629 et
709 2566 776 2627 in
823 2563 1040 2646 aliquo
1087 2563 1230 2627 loco
1278 2568 1420 2647 post
1468 2565 1879 2627 nativitatem
1931 2565 2276 2646 recipitur;
2328 2584 2451 2628 non
2514 2582 2676 2628 vero

319 2669 418 2730 ita
464 2665 666 2730 Pater
711 2664 950 2729 Filium
999 2668 1243 2749 genuit,
1292 2686 1412 2731 nec
1460 2665 1666 2730 Filius
1715 2667 1971 2749 genitus
2015 2670 2145 2741 est;
2196 2665 2311 2730 sed
2358 2672 2549 2731 natus
2578 2672 2676 2731 est

319 2773 500 2833 totus
545 2788 631 2832 ex
673 2772 830 2850 toto,
881 2772 945 2832 et
992 2788 1140 2833 cum
1201 2773 1392 2833 natus
1437 2773 1535 2833 est
1582 2787 1707 2831 non
1772 2769 2179 2833 extrinsecus
2225 2772 2525 2852 receptus
2578 2774 2676 2833 est

321 2876 441 2935 aut
485 2873 551 2934 in
598 2870 741 2935 loco
787 2868 968 2936 finito
1015 2871 1354 2936 conclusus
1415 2877 1530 2935 est.
1593 2871 1872 2953 Etenim,
1921 2888 2198 2955 corpora
2260 2875 2326 2934 et
2380 2876 2673 2953 naturae,

321 2972 557 3056 quibus
601 2972 745 3036 loca
793 2971 1251 3055 distinguntur,
1277 2972 1562 3039 nondum
1611 2977 1837 3037 creata
1884 2977 2092 3055 erant,
2140 2992 2261 3037 nec
2308 2974 2520 3057 spatia
2566 2971 2678 3037 de-

320 3072 509 3137 finita
556 3079 622 3137 et
667 3079 842 3138 nota.
892 3072 1198 3154 Rursum,
1246 3093 1394 3139 cum
1441 3073 1755 3139 voluisset
1780 3072 1865 3137 ad
1893 3073 2239 3157 Virginem
2268 3076 2519 3157 venire,
2552 3094 2676 3138 non

318 3174 447 3239 fuit
493 3177 561 3239 in
605 3175 882 3259 Virgine
928 3194 1048 3260 per
1093 3175 1376 3259 aliquam
1425 3181 1696 3259 partem,
1748 3180 1811 3239 et
1858 3194 1977 3259 per
2022 3174 2221 3240 aliam
2252 3178 2317 3239 in
2374 3178 2674 3259 essentia,

321 3284 389 3343 et
435 3296 554 3362 per
597 3277 797 3341 aliam
844 3280 908 3341 in
955 3277 1226 3353 mundo;
1276 3277 1409 3353 sed,
1459 3281 1564 3361 qui
1611 3283 1785 3341 totus
1831 3280 1895 3341 in
1945 3280 2227 3341 essentia
2291 3283 2455 3360 erat,
2504 3282 2679 3342 totus

321 3382 528 3445 etiam
573 3380 1006 3463 personaliter
1052 3383 1115 3443 in
1161 3381 1440 3464 Virgine
1487 3380 1831 3445 habitavit.
1882 3380 2123 3463 Itaque,
2174 3379 2493 3463 quomodo
2540 3400 2674 3461 nOS,

321 3482 432 3546 dic
475 3481 658 3563 mihi,
707 3481 1090 3567 intellegere
1137 3498 1468 3567 possemus
1515 3502 1664 3547 eum
1710 3502 1853 3545 esse
1898 3485 2105 3545 totum
2150 3484 2213 3545 in
2263 3484 2564 3564 essentia,
2614 3488 2678 3546 et

323 3591 538 3653 totum
580 3588 648 3649 in
695 3584 952 3667 mundo,
1001 3591 1066 3649 et
1110 3591 1318 3650 totum
1365 3588 1431 3649 in
1478 3585 1777 3668 Virgine,
1826 3604 2031 3668 neque
2077 3587 2391 3649 tamenin
2441 3584 2679 3649 mundo

323 3692 496 3753 sicut
541 3692 605 3753 in
653 3691 954 3771 essentia,
1017 3708 1137 3753 nec
1192 3690 1257 3752 in
1305 3688 1582 3771 Virgine
1644 3690 1811 3752 sicut
1864 3690 1931 3751 in
1993 3686 2249 3769 mundo,
2314 3686 2429 3751 sed
2488 3687 2679 3753 modo

325 3790 593 3854 diverso
639 3792 704 3853 iu
752 3808 1129 3873 unoquoque
1178 3794 1241 3853 et
1291 3788 1460 3873 apud
1507 3788 1997 3872 unumquodque
2046 3787 2316 3854 eorum?
2363 3788 2435 3853 In
2480 3788 2680 3853 Patre

324 3894 504 3957 enim
549 3890 842 3956 creditur
885 3910 1028 3957 esse
1074 3897 1145 3955 ut
1191 3890 1777 3966 consubstantialis
1820 3896 1885 3955 et
1932 3890 2080 3955 inde
2128 3894 2509 3975 agnoscitur
2538 3912 2681 3957 esse

323 3993 394 4057 id
443 3992 612 4076 quod
679 3992 950 4059 Genitor
1008 3995 1150 4058 eius
1195 3999 1326 4069 est;
1390 3995 1456 4055 in
1503 3991 1743 4057 mundo
1788 4012 1950 4056 vero
2004 3992 2287 4076 qualiter
2346 3995 2683 4058 existima-

323 4096 539 4159 bimus
583 4114 733 4159 eum
778 4115 942 4177 esse,
983 4114 1136 4159 nam
1181 4094 1343 4159 nulli
1388 4100 1736 4159 creaturae
1784 4099 1880 4159 est
1943 4091 2195 4159 affinis?
2242 4095 2505 4172 Iterum,
2558 4116 2682 4179 quo

323 4196 521 4261 modo
567 4196 1000 4280 cogitabimus
1045 4218 1194 4261 eum
1239 4200 1307 4262 in
1352 4197 1630 4281 Virgine
1654 4197 2005 4278 habitasse,
2040 4195 2355 4280 siquidem
2386 4197 2553 4263 haec
2584 4202 2682 4262 est

323 4299 567 4364 mulier
611 4300 730 4363 sub
789 4304 1082 4384 tempore
1144 4303 1482 4382 exsistenS,
1533 4304 1598 4365 et
1659 4302 1796 4383 ipse
1859 4304 1956 4363 est
2004 4300 2173 4364 Deus
2219 4304 2284 4363 et
2331 4299 2682 4365 aeternus?

324 4403 519 4466 Patet
565 4404 740 4465 enim
787 4401 1030 4466 nullum
1077 4422 1345 4487 prorsus
1375 4402 1608 4467 horum
1635 4406 1849 4465 mente
1876 4400 2273 4486 apprehendi
2304 4421 2511 4485 posse,
2540 4404 2681 4467 sive

327 4502 648 4587 quomodo
696 4507 867 4567 totus
913 4503 1148 4585 ubique
1195 4506 1298 4575 sit,
1348 4508 1411 4567 et
1457 4509 1631 4566 totus
1677 4506 1742 4565 in
1790 4502 2089 4583 Virgine,
2138 4507 2202 4565 et
2247 4507 2423 4566 totus
2468 4505 2533 4565 in
2583 4524 2683 4568 es-
