<?xml version="1.0" encoding="UTF-8"?>
<!DOCTYPE html PUBLIC "-//W3C//DTD XHTML 1.0 Transitional//EN"
    "http://www.w3.org/TR/xhtml1/DTD/xhtml1-transitional.dtd">
<html xmlns="http://www.w3.org/1999/xhtml" xml:lang="en" lang="en">
 <head>
  <title>
</title>
<meta http-equiv="Content-Type" content="text/html;charset=utf-8" />
  <meta name='ocr-system' content='tesseract 3.04.00' />
  <meta name='ocr-capabilities' content='ocr_page ocr_carea ocr_par ocr_line ocrx_word'/>
</head>
<body>
  <div class='ocr_page' id='page_1' title='image "./corpusscriptoru13unkngoog_0178.png"; bbox 0 0 3400 5642; ppageno 0'>
   <div class='ocr_carea' id='block_1_1' title="bbox 223 1603 279 1646">
    <p class='ocr_par' dir='ltr' id='par_1_1' title="bbox 223 1603 279 1646">
     <span class='ocr_line' id='line_1_1' title="bbox 223 1603 279 1646; baseline 0.018 -1"><span class='ocrx_word' id='word_1_1' title='bbox 223 1603 279 1646; x_wconf 88' lang='lat'>10</span> 
     </span>
    </p>
   </div>
   <div class='ocr_carea' id='block_1_2' title="bbox 225 2111 279 2154">
    <p class='ocr_par' dir='ltr' id='par_1_2' title="bbox 225 2111 279 2154">
     <span class='ocr_line' id='line_1_2' title="bbox 225 2111 279 2154; baseline -0.037 0"><span class='ocrx_word' id='word_1_2' title='bbox 225 2111 279 2154; x_wconf 86' lang='lat'>15</span> 
     </span>
    </p>
   </div>
   <div class='ocr_carea' id='block_1_3' title="bbox 1289 521 1734 606">
    <p class='ocr_par' dir='ltr' id='par_1_3' title="bbox 1289 521 1734 606">
     <span class='ocr_line' id='line_1_3' title="bbox 1289 521 1734 606; baseline -0.002 -22"><span class='ocrx_word' id='word_1_3' title='bbox 1289 522 1401 604; x_wconf 67' lang='grc' dir='ltr'>-κι(</span> <span class='ocrx_word' id='word_1_4' title='bbox 1450 521 1575 584; x_wconf 89' lang='grc'>167</span> <span class='ocrx_word' id='word_1_5' title='bbox 1622 523 1734 606; x_wconf 66' lang='lat'><strong>)·&gt;3·-</strong></span> 
     </span>
    </p>
   </div>
   <div class='ocr_carea' id='block_1_4' title="bbox 332 662 2698 4629">
    <p class='ocr_par' dir='ltr' id='par_1_4' title="bbox 336 662 2694 1972">
     <span class='ocr_line' id='line_1_4' title="bbox 340 662 2689 750; baseline 0 -22"><span class='ocrx_word' id='word_1_6' title='bbox 340 669 451 750; x_wconf 88' lang='lat' dir='ltr'>qui</span> <span class='ocrx_word' id='word_1_7' title='bbox 496 684 693 750; x_wconf 90' lang='lat' dir='ltr'>super</span> <span class='ocrx_word' id='word_1_8' title='bbox 738 684 886 728; x_wconf 91' lang='lat' dir='ltr'>eum</span> <span class='ocrx_word' id='word_1_9' title='bbox 933 662 1259 732; x_wconf 87' lang='lat' dir='ltr'>aedificati</span> <span class='ocrx_word' id='word_1_10' title='bbox 1304 669 1514 747; x_wconf 90' lang='lat' dir='ltr'>erant,</span> <span class='ocrx_word' id='word_1_11' title='bbox 1564 684 1770 748; x_wconf 89' lang='lat' dir='ltr'>parvo</span> <span class='ocrx_word' id='word_1_12' title='bbox 1813 670 2068 728; x_wconf 90' lang='lat' dir='ltr'>tantum</span> <span class='ocrx_word' id='word_1_13' title='bbox 2114 670 2404 748; x_wconf 88' lang='lat' dir='ltr'>tempore</span> <span class='ocrx_word' id='word_1_14' title='bbox 2453 667 2522 727; x_wconf 90' lang='lat' dir='ltr'>in</span> <span class='ocrx_word' id='word_1_15' title='bbox 2564 663 2689 728; x_wconf 90' lang='lat' dir='ltr'>fide</span> 
     </span>
     <span class='ocr_line' id='line_1_5' title="bbox 339 767 2686 851; baseline -0 -19"><span class='ocrx_word' id='word_1_16' title='bbox 339 770 461 833; x_wconf 91' lang='lat' dir='ltr'>Dei</span> <span class='ocrx_word' id='word_1_17' title='bbox 504 768 799 850; x_wconf 90' lang='lat' dir='ltr'>bonaque</span> <span class='ocrx_word' id='word_1_18' title='bbox 847 769 1345 831; x_wconf 88' lang='lat' dir='ltr'>conversatione</span> <span class='ocrx_word' id='word_1_19' title='bbox 1408 772 1926 851; x_wconf 89' lang='lat' dir='ltr'>permanserunt.</span> <span class='ocrx_word' id='word_1_20' title='bbox 1992 767 2156 830; x_wconf 91' lang='lat' dir='ltr'>Cum</span> <span class='ocrx_word' id='word_1_21' title='bbox 2204 775 2422 832; x_wconf 89' lang='lat' dir='ltr'>autem</span> <span class='ocrx_word' id='word_1_22' title='bbox 2469 770 2686 850; x_wconf 89' lang='lat' dir='ltr'>inique</span> 
     </span>
     <span class='ocr_line' id='line_1_6' title="bbox 340 868 2678 954; baseline -0.001 -20"><span class='ocrx_word' id='word_1_23' title='bbox 340 891 545 954; x_wconf 89' lang='lat' dir='ltr'>agere</span> <span class='ocrx_word' id='word_1_24' title='bbox 592 871 973 954; x_wconf 90' lang='lat' dir='ltr'>coepissent,</span> <span class='ocrx_word' id='word_1_25' title='bbox 1034 889 1167 932; x_wconf 92' lang='lat' dir='ltr'>non</span> <span class='ocrx_word' id='word_1_26' title='bbox 1228 868 1436 933; x_wconf 90' lang='lat' dir='ltr'>solum</span> <span class='ocrx_word' id='word_1_27' title='bbox 1497 876 1874 953; x_wconf 79' lang='lat' dir='ltr'>peccatores</span> <span class='ocrx_word' id='word_1_28' title='bbox 1919 868 2076 933; x_wconf 88' lang='lat' dir='ltr'>facti</span> <span class='ocrx_word' id='word_1_29' title='bbox 2123 876 2274 934; x_wconf 90' lang='lat' dir='ltr'>sunt</span> <span class='ocrx_word' id='word_1_30' title='bbox 2319 869 2433 933; x_wconf 90' lang='lat' dir='ltr'>sed</span> <span class='ocrx_word' id='word_1_31' title='bbox 2479 873 2678 934; x_wconf 90' lang='lat' dir='ltr'>etiam</span> 
     </span>
     <span class='ocr_line' id='line_1_7' title="bbox 339 970 2692 1056; baseline -0.001 -19"><span class='ocrx_word' id='word_1_32' title='bbox 339 979 571 1037; x_wconf 90' lang='lat' dir='ltr'>contra</span> <span class='ocrx_word' id='word_1_33' title='bbox 619 971 821 1035; x_wconf 90' lang='lat' dir='ltr'>Deum</span> <span class='ocrx_word' id='word_1_34' title='bbox 868 970 1194 1034; x_wconf 83' lang='lat' dir='ltr'>rebellare</span> <span class='ocrx_word' id='word_1_35' title='bbox 1256 971 1552 1035; x_wconf 87' lang='lat' dir='ltr'>meditati</span> <span class='ocrx_word' id='word_1_36' title='bbox 1613 975 1781 1052; x_wconf 88' lang='lat' dir='ltr'>sunt,</span> <span class='ocrx_word' id='word_1_37' title='bbox 1831 975 1901 1034; x_wconf 84' lang='lat' dir='ltr'>ut</span> <span class='ocrx_word' id='word_1_38' title='bbox 1947 972 2118 1036; x_wconf 91' lang='lat' dir='ltr'>Deus</span> <span class='ocrx_word' id='word_1_39' title='bbox 2169 990 2302 1035; x_wconf 90' lang='lat' dir='ltr'>non</span> <span class='ocrx_word' id='word_1_40' title='bbox 2349 977 2583 1056; x_wconf 90' lang='lat' dir='ltr'>posset,</span> <span class='ocrx_word' id='word_1_41' title='bbox 2636 973 2692 1035; x_wconf 92' lang='lat' dir='ltr'>si</span> 
     </span>
     <span class='ocr_line' id='line_1_8' title="bbox 339 1073 2688 1156; baseline -0.001 -19"><span class='ocrx_word' id='word_1_42' title='bbox 339 1073 560 1155; x_wconf 90' lang='lat' dir='ltr'>vellet,</span> <span class='ocrx_word' id='word_1_43' title='bbox 609 1093 722 1137; x_wconf 91' lang='lat' dir='ltr'>eos</span> <span class='ocrx_word' id='word_1_44' title='bbox 767 1076 1033 1156; x_wconf 90' lang='lat' dir='ltr'>propter</span> <span class='ocrx_word' id='word_1_45' title='bbox 1077 1077 1412 1156; x_wconf 85' lang='lat' dir='ltr'>peccatum</span> <span class='ocrx_word' id='word_1_46' title='bbox 1451 1075 1740 1156; x_wconf 88' lang='lat' dir='ltr'>ipsorum</span> <span class='ocrx_word' id='word_1_47' title='bbox 1773 1077 1938 1136; x_wconf 91' lang='lat' dir='ltr'>sicut</span> <span class='ocrx_word' id='word_1_48' title='bbox 1968 1076 2212 1156; x_wconf 90' lang='lat' dir='ltr'>primos</span> <span class='ocrx_word' id='word_1_49' title='bbox 2243 1074 2540 1136; x_wconf 90' lang='lat' dir='ltr'>homines</span> <span class='ocrx_word' id='word_1_50' title='bbox 2572 1093 2688 1155; x_wconf 90' lang='lat' dir='ltr'>pu-</span> 
     </span>
     <span class='ocr_line' id='line_1_9' title="bbox 340 1172 2685 1259; baseline 0 -21"><span class='ocrx_word' id='word_1_51' title='bbox 340 1178 507 1239; x_wconf 89' lang='lat' dir='ltr'>nire.</span> <span class='ocrx_word' id='word_1_52' title='bbox 534 1174 943 1259; x_wconf 85' lang='lat' dir='ltr'>Quapropter</span> <span class='ocrx_word' id='word_1_53' title='bbox 965 1179 1317 1258; x_wconf 90' lang='lat' dir='ltr'>coeperunt</span> <span class='ocrx_word' id='word_1_54' title='bbox 1342 1172 1691 1238; x_wconf 87' lang='lat' dir='ltr'>aedificare</span> <span class='ocrx_word' id='word_1_55' title='bbox 1717 1175 1842 1238; x_wconf 90' lang='lat' dir='ltr'>sibi</span> <span class='ocrx_word' id='word_1_56' title='bbox 1867 1177 2100 1239; x_wconf 85' lang='lat' dir='ltr'>turrim</span> <span class='ocrx_word' id='word_1_57' title='bbox 2127 1195 2290 1258; x_wconf 85' lang='lat' dir='ltr'>quae</span> <span class='ocrx_word' id='word_1_58' title='bbox 2315 1174 2398 1238; x_wconf 91' lang='lat' dir='ltr'>ad</span> <span class='ocrx_word' id='word_1_59' title='bbox 2431 1174 2685 1238; x_wconf 87' lang='lat' dir='ltr'>caelum</span> 
     </span>
     <span class='ocr_line' id='line_1_10' title="bbox 341 1277 2688 1361; baseline -0 -20"><span class='ocrx_word' id='word_1_60' title='bbox 341 1280 781 1361; x_wconf 87' lang='lat' dir='ltr'>pertingeret;</span> <span class='ocrx_word' id='word_1_61' title='bbox 829 1295 985 1340; x_wconf 87' lang='lat' dir='ltr'>nam</span> <span class='ocrx_word' id='word_1_62' title='bbox 1031 1278 1214 1358; x_wconf 84' lang='lat' dir='ltr'>quasi</span> <span class='ocrx_word' id='word_1_63' title='bbox 1262 1280 1475 1340; x_wconf 91' lang='lat' dir='ltr'>mente</span> <span class='ocrx_word' id='word_1_64' title='bbox 1524 1279 1697 1360; x_wconf 88' lang='lat' dir='ltr'>capti</span> <span class='ocrx_word' id='word_1_65' title='bbox 1744 1281 2136 1360; x_wconf 89' lang='lat' dir='ltr'>putaverunt</span> <span class='ocrx_word' id='word_1_66' title='bbox 2183 1277 2386 1340; x_wconf 91' lang='lat' dir='ltr'>Deum</span> <span class='ocrx_word' id='word_1_67' title='bbox 2433 1279 2688 1341; x_wconf 89' lang='lat' dir='ltr'>ratione</span> 
     </span>
     <span class='ocr_line' id='line_1_11' title="bbox 340 1378 2691 1464; baseline 0 -21"><span class='ocrx_word' id='word_1_68' title='bbox 340 1380 472 1445; x_wconf 92' lang='lat' dir='ltr'>loci</span> <span class='ocrx_word' id='word_1_69' title='bbox 517 1385 767 1444; x_wconf 90' lang='lat' dir='ltr'>tantum</span> <span class='ocrx_word' id='word_1_70' title='bbox 814 1381 971 1464; x_wconf 91' lang='lat' dir='ltr'>ipsis</span> <span class='ocrx_word' id='word_1_71' title='bbox 1014 1378 1359 1442; x_wconf 81' lang='lat' dir='ltr'>fortiorem</span> <span class='ocrx_word' id='word_1_72' title='bbox 1398 1399 1557 1442; x_wconf 90' lang='lat' dir='ltr'>esse.</span> <span class='ocrx_word' id='word_1_73' title='bbox 1607 1378 1743 1443; x_wconf 92' lang='lat' dir='ltr'>Hos</span> <span class='ocrx_word' id='word_1_74' title='bbox 1771 1383 1992 1442; x_wconf 87' lang='lat' dir='ltr'>tamen</span> <span class='ocrx_word' id='word_1_75' title='bbox 2023 1379 2232 1444; x_wconf 89' lang='lat' dir='ltr'>noluit</span> <span class='ocrx_word' id='word_1_76' title='bbox 2262 1399 2380 1464; x_wconf 90' lang='lat' dir='ltr'>per</span> <span class='ocrx_word' id='word_1_77' title='bbox 2411 1379 2691 1444; x_wconf 86' lang='lat' dir='ltr'>alterum</span> 
     </span>
     <span class='ocr_line' id='line_1_12' title="bbox 340 1479 2692 1565; baseline -0 -19"><span class='ocrx_word' id='word_1_78' title='bbox 340 1481 660 1546; x_wconf 89' lang='lat' dir='ltr'>diluvium</span> <span class='ocrx_word' id='word_1_79' title='bbox 706 1480 1000 1565; x_wconf 83' lang='lat' dir='ltr'>perdere,</span> <span class='ocrx_word' id='word_1_80' title='bbox 1049 1486 1162 1544; x_wconf 90' lang='lat' dir='ltr'>aut</span> <span class='ocrx_word' id='word_1_81' title='bbox 1223 1501 1341 1564; x_wconf 92' lang='lat' dir='ltr'>per</span> <span class='ocrx_word' id='word_1_82' title='bbox 1386 1483 1605 1564; x_wconf 86' lang='lat' dir='ltr'>ignem</span> <span class='ocrx_word' id='word_1_83' title='bbox 1668 1483 1834 1544; x_wconf 88' lang='lat' dir='ltr'>sicut</span> <span class='ocrx_word' id='word_1_84' title='bbox 1896 1479 2278 1564; x_wconf 81' lang='lat' dir='ltr'>SodomitaS,</span> <span class='ocrx_word' id='word_1_85' title='bbox 2336 1481 2450 1546; x_wconf 88' lang='lat' dir='ltr'>sed</span> <span class='ocrx_word' id='word_1_86' title='bbox 2495 1502 2692 1565; x_wconf 90' lang='lat' dir='ltr'>super</span> 
     </span>
     <span class='ocr_line' id='line_1_13' title="bbox 336 1580 2692 1666; baseline 0 -18"><span class='ocrx_word' id='word_1_87' title='bbox 336 1583 581 1648; x_wconf 90' lang='lat' dir='ltr'>faciem</span> <span class='ocrx_word' id='word_1_88' title='bbox 641 1585 991 1647; x_wconf 90' lang='lat' dir='ltr'>universae</span> <span class='ocrx_word' id='word_1_89' title='bbox 1051 1587 1273 1646; x_wconf 87' lang='lat' dir='ltr'>terrae</span> <span class='ocrx_word' id='word_1_90' title='bbox 1330 1602 1443 1647; x_wconf 91' lang='lat' dir='ltr'>eos</span> <span class='ocrx_word' id='word_1_91' title='bbox 1501 1587 1755 1645; x_wconf 87' lang='lat' dir='ltr'>tanturn</span> <span class='ocrx_word' id='word_1_92' title='bbox 1816 1580 2139 1666; x_wconf 80' lang='lat' dir='ltr'>dispersit,</span> <span class='ocrx_word' id='word_1_93' title='bbox 2204 1586 2354 1666; x_wconf 89' lang='lat' dir='ltr'>quia</span> <span class='ocrx_word' id='word_1_94' title='bbox 2416 1583 2561 1648; x_wconf 91' lang='lat' dir='ltr'>tulit</span> <span class='ocrx_word' id='word_1_95' title='bbox 2609 1585 2692 1648; x_wconf 91' lang='lat' dir='ltr'>ab</span> 
     </span>
     <span class='ocr_line' id='line_1_14' title="bbox 338 1683 2693 1769; baseline -0.001 -19"><span class='ocrx_word' id='word_1_96' title='bbox 338 1686 660 1766; x_wconf 79' lang='grc'>011111111113,</span> <span class='ocrx_word' id='word_1_97' title='bbox 710 1687 999 1768; x_wconf 91' lang='lat' dir='ltr'>exceptis</span> <span class='ocrx_word' id='word_1_98' title='bbox 1045 1684 1355 1769; x_wconf 89' lang='lat' dir='ltr'>parvulis,</span> <span class='ocrx_word' id='word_1_99' title='bbox 1404 1686 1655 1767; x_wconf 88' lang='lat' dir='ltr'>primae</span> <span class='ocrx_word' id='word_1_100' title='bbox 1703 1683 1968 1766; x_wconf 85' lang='lat' dir='ltr'>linguae</span> <span class='ocrx_word' id='word_1_101' title='bbox 2009 1688 2451 1768; x_wconf 83' lang='lat' dir='ltr'>cognitionem</span> <span class='ocrx_word' id='word_1_102' title='bbox 2513 1690 2578 1749; x_wconf 87' lang='lat' dir='ltr'>et</span> <span class='ocrx_word' id='word_1_103' title='bbox 2623 1688 2693 1748; x_wconf 92' lang='lat' dir='ltr'>in</span> 
     </span>
     <span class='ocr_line' id='line_1_15' title="bbox 337 1785 2694 1871; baseline -0 -20"><span class='ocrx_word' id='word_1_104' title='bbox 337 1790 440 1852; x_wconf 92' lang='lat' dir='ltr'>eis</span> <span class='ocrx_word' id='word_1_105' title='bbox 485 1789 695 1871; x_wconf 89' lang='lat' dir='ltr'>posuit</span> <span class='ocrx_word' id='word_1_106' title='bbox 740 1786 965 1868; x_wconf 88' lang='lat' dir='ltr'>verba,</span> <span class='ocrx_word' id='word_1_107' title='bbox 1014 1791 1079 1850; x_wconf 88' lang='lat' dir='ltr'>et</span> <span class='ocrx_word' id='word_1_108' title='bbox 1124 1806 1336 1868; x_wconf 83' lang='lat' dir='ltr'>voceS,</span> <span class='ocrx_word' id='word_1_109' title='bbox 1386 1790 1451 1848; x_wconf 88' lang='lat' dir='ltr'>et</span> <span class='ocrx_word' id='word_1_110' title='bbox 1497 1787 1764 1849; x_wconf 90' lang='lat' dir='ltr'>nomina</span> <span class='ocrx_word' id='word_1_111' title='bbox 1799 1785 2075 1849; x_wconf 88' lang='lat' dir='ltr'>aliarum</span> <span class='ocrx_word' id='word_1_112' title='bbox 2124 1786 2502 1869; x_wconf 88' lang='lat' dir='ltr'>linguarum</span> <span class='ocrx_word' id='word_1_113' title='bbox 2535 1805 2694 1869; x_wconf 88' lang='lat' dir='ltr'>quas</span> 
     </span>
     <span class='ocr_line' id='line_1_16' title="bbox 336 1886 2690 1972; baseline 0 -19"><span class='ocrx_word' id='word_1_114' title='bbox 336 1909 477 1953; x_wconf 91' lang='lat' dir='ltr'>non</span> <span class='ocrx_word' id='word_1_115' title='bbox 523 1889 1020 1972; x_wconf 86' lang='lat' dir='ltr'>cognoscebant.</span> <span class='ocrx_word' id='word_1_116' title='bbox 1070 1889 1153 1952; x_wconf 88' lang='lat' dir='ltr'>Et</span> <span class='ocrx_word' id='word_1_117' title='bbox 1199 1887 1437 1952; x_wconf 79' lang='lat' dir='ltr'>exinde</span> <span class='ocrx_word' id='word_1_118' title='bbox 1486 1888 1569 1951; x_wconf 86' lang='lat' dir='ltr'>ab</span> <span class='ocrx_word' id='word_1_119' title='bbox 1616 1886 2022 1952; x_wconf 89' lang='lat' dir='ltr'>aedificanda</span> <span class='ocrx_word' id='word_1_120' title='bbox 2076 1891 2266 1952; x_wconf 82' lang='lat' dir='ltr'>turri·</span> <span class='ocrx_word' id='word_1_121' title='bbox 2285 1889 2690 1954; x_wconf 87' lang='lat' dir='ltr'>destiterunt.</span> 
     </span>
    </p>

    <p class='ocr_par' dir='ltr' id='par_1_5' title="bbox 332 1987 2698 4221">
     <span class='ocr_line' id='line_1_17' title="bbox 434 1987 2696 2074; baseline 0.001 -21"><span class='ocrx_word' id='word_1_122' title='bbox 434 1989 598 2053; x_wconf 89' lang='lat' dir='ltr'>Cum</span> <span class='ocrx_word' id='word_1_123' title='bbox 628 2009 789 2054; x_wconf 91' lang='lat' dir='ltr'>vero</span> <span class='ocrx_word' id='word_1_124' title='bbox 820 1992 1080 2074; x_wconf 91' lang='lat' dir='ltr'>sapiens</span> <span class='ocrx_word' id='word_1_125' title='bbox 1110 1990 1335 2054; x_wconf 89' lang='lat' dir='ltr'>mundi</span> <span class='ocrx_word' id='word_1_126' title='bbox 1359 1989 1623 2055; x_wconf 81' lang='lat' dir='ltr'>Artifex</span> <span class='ocrx_word' id='word_1_127' title='bbox 1654 1987 1912 2053; x_wconf 86' lang='lat' dir='ltr'>videret</span> <span class='ocrx_word' id='word_1_128' title='bbox 1941 1988 2101 2052; x_wconf 92' lang='lat' dir='ltr'>illud</span> <span class='ocrx_word' id='word_1_129' title='bbox 2132 1989 2484 2054; x_wconf 90' lang='lat' dir='ltr'>secundum</span> <span class='ocrx_word' id='word_1_130' title='bbox 2515 1991 2696 2055; x_wconf 90' lang='lat' dir='ltr'>aedi-</span> 
     </span>
     <span class='ocr_line' id='line_1_18' title="bbox 336 2091 2692 2176; baseline 0 -19"><span class='ocrx_word' id='word_1_131' title='bbox 336 2091 580 2176; x_wconf 90' lang='lat' dir='ltr'>ficium,</span> <span class='ocrx_word' id='word_1_132' title='bbox 628 2096 812 2158; x_wconf 89' lang='lat' dir='ltr'>cuius</span> <span class='ocrx_word' id='word_1_133' title='bbox 856 2093 1349 2157; x_wconf 88' lang='lat' dir='ltr'>fundamentum</span> <span class='ocrx_word' id='word_1_134' title='bbox 1409 2092 1546 2157; x_wconf 93' lang='lat' dir='ltr'>Noe</span> <span class='ocrx_word' id='word_1_135' title='bbox 1593 2092 1735 2174; x_wconf 85' lang='lat' dir='ltr'>fuit,</span> <span class='ocrx_word' id='word_1_136' title='bbox 1785 2095 1916 2156; x_wconf 90' lang='lat' dir='ltr'>iam</span> <span class='ocrx_word' id='word_1_137' title='bbox 1977 2099 2390 2158; x_wconf 89' lang='lat' dir='ltr'>veterascere</span> <span class='ocrx_word' id='word_1_138' title='bbox 2439 2099 2503 2157; x_wconf 90' lang='lat' dir='ltr'>et</span> <span class='ocrx_word' id='word_1_139' title='bbox 2550 2114 2692 2159; x_wconf 86' lang='lat' dir='ltr'>cor-</span> 
     </span>
     <span class='ocr_line' id='line_1_19' title="bbox 337 2195 2687 2280; baseline -0.001 -20"><span class='ocrx_word' id='word_1_140' title='bbox 337 2199 577 2280; x_wconf 80' lang='lat' dir='ltr'>rumpi,</span> <span class='ocrx_word' id='word_1_141' title='bbox 627 2201 691 2259; x_wconf 92' lang='lat' dir='ltr'>et</span> <span class='ocrx_word' id='word_1_142' title='bbox 738 2195 1029 2260; x_wconf 89' lang='lat' dir='ltr'>sedimen</span> <span class='ocrx_word' id='word_1_143' title='bbox 1059 2198 1327 2280; x_wconf 91' lang='lat' dir='ltr'>peccati,</span> <span class='ocrx_word' id='word_1_144' title='bbox 1363 2195 1531 2279; x_wconf 87' lang='lat' dir='ltr'>quod</span> <span class='ocrx_word' id='word_1_145' title='bbox 1568 2198 1638 2258; x_wconf 90' lang='lat' dir='ltr'>in</span> <span class='ocrx_word' id='word_1_146' title='bbox 1668 2195 1817 2278; x_wconf 92' lang='lat' dir='ltr'>lege</span> <span class='ocrx_word' id='word_1_147' title='bbox 1849 2215 1995 2260; x_wconf 90' lang='lat' dir='ltr'>cum</span> <span class='ocrx_word' id='word_1_148' title='bbox 2026 2195 2210 2279; x_wconf 90' lang='lat' dir='ltr'>lepra</span> <span class='ocrx_word' id='word_1_149' title='bbox 2243 2202 2687 2280; x_wconf 88' lang='lat' dir='ltr'>comparatum</span> 
     </span>
     <span class='ocr_line' id='line_1_20' title="bbox 338 2296 2691 2383; baseline -0.001 -19"><span class='ocrx_word' id='word_1_150' title='bbox 338 2306 459 2382; x_wconf 88' lang='lat' dir='ltr'>est,</span> <span class='ocrx_word' id='word_1_151' title='bbox 510 2302 775 2383; x_wconf 90' lang='lat' dir='ltr'>spissius</span> <span class='ocrx_word' id='word_1_152' title='bbox 821 2301 891 2361; x_wconf 97' lang='grc'>111</span> <span class='ocrx_word' id='word_1_153' title='bbox 936 2299 1061 2363; x_wconf 92' lang='grc'>1103</span> <span class='ocrx_word' id='word_1_154' title='bbox 1104 2296 1332 2382; x_wconf 84' lang='lat' dir='ltr'>*quam</span> <span class='ocrx_word' id='word_1_155' title='bbox 1362 2301 1431 2362; x_wconf 89' lang='lat' dir='ltr'>in</span> <span class='ocrx_word' id='word_1_156' title='bbox 1463 2301 1743 2383; x_wconf 88' lang='lat' dir='ltr'>primum</span> <span class='ocrx_word' id='word_1_157' title='bbox 1774 2297 2104 2380; x_wconf 87' lang='lat' dir='ltr'>cecidisse,</span> <span class='ocrx_word' id='word_1_158' title='bbox 2139 2304 2203 2363; x_wconf 84' lang='lat' dir='ltr'>et</span> <span class='ocrx_word' id='word_1_159' title='bbox 2233 2299 2530 2363; x_wconf 89' lang='lat' dir='ltr'>homines</span> <span class='ocrx_word' id='word_1_160' title='bbox 2559 2319 2691 2363; x_wconf 89' lang='lat' dir='ltr'>non</span> 
     </span>
     <span class='ocr_line' id='line_1_21' title="bbox 338 2399 2691 2486; baseline 0 -20"><span class='ocrx_word' id='word_1_161' title='bbox 338 2402 552 2466; x_wconf 91' lang='lat' dir='ltr'>solum</span> <span class='ocrx_word' id='word_1_162' title='bbox 597 2405 667 2464; x_wconf 95' lang='grc'>111</span> <span class='ocrx_word' id='word_1_163' title='bbox 714 2402 1019 2486; x_wconf 89' lang='lat' dir='ltr'>operibus</span> <span class='ocrx_word' id='word_1_164' title='bbox 1064 2405 1405 2484; x_wconf 89' lang='lat' dir='ltr'>corruptos</span> <span class='ocrx_word' id='word_1_165' title='bbox 1460 2421 1599 2465; x_wconf 93' lang='lat' dir='ltr'>esse</span> <span class='ocrx_word' id='word_1_166' title='bbox 1662 2399 1776 2464; x_wconf 94' lang='lat' dir='ltr'>sed</span> <span class='ocrx_word' id='word_1_167' title='bbox 1823 2403 2020 2464; x_wconf 83' lang='lat' dir='ltr'>etiam</span> <span class='ocrx_word' id='word_1_168' title='bbox 2085 2403 2525 2484; x_wconf 89' lang='lat' dir='ltr'>cognitionem</span> <span class='ocrx_word' id='word_1_169' title='bbox 2574 2402 2691 2466; x_wconf 92' lang='lat' dir='ltr'>Dei</span> 
     </span>
     <span class='ocr_line' id='line_1_22' title="bbox 334 2501 2689 2588; baseline 0 -21"><span class='ocrx_word' id='word_1_170' title='bbox 334 2506 737 2588; x_wconf 87' lang='lat' dir='ltr'>pervertisse</span> <span class='ocrx_word' id='word_1_171' title='bbox 771 2507 835 2566; x_wconf 86' lang='lat' dir='ltr'>et</span> <span class='ocrx_word' id='word_1_172' title='bbox 865 2502 1008 2567; x_wconf 92' lang='lat' dir='ltr'>loco</span> <span class='ocrx_word' id='word_1_173' title='bbox 1039 2505 1233 2566; x_wconf 89' lang='lat' dir='ltr'>unius</span> <span class='ocrx_word' id='word_1_174' title='bbox 1263 2502 1380 2566; x_wconf 91' lang='lat' dir='ltr'>Dei</span> <span class='ocrx_word' id='word_1_175' title='bbox 1410 2504 1555 2566; x_wconf 88' lang='lat' dir='ltr'>veri</span> <span class='ocrx_word' id='word_1_176' title='bbox 1587 2501 1824 2568; x_wconf 91' lang='lat' dir='ltr'>multos</span> <span class='ocrx_word' id='word_1_177' title='bbox 1852 2501 2054 2566; x_wconf 89' lang='lat' dir='ltr'>fal-sos</span> <span class='ocrx_word' id='word_1_178' title='bbox 2085 2501 2241 2567; x_wconf 93' lang='lat' dir='ltr'>deos</span> <span class='ocrx_word' id='word_1_179' title='bbox 2271 2503 2395 2566; x_wconf 91' lang='lat' dir='ltr'>sibi</span> <span class='ocrx_word' id='word_1_180' title='bbox 2435 2502 2689 2585; x_wconf 89' lang='lat' dir='ltr'>fecisse,</span> 
     </span>
     <span class='ocr_line' id='line_1_23' title="bbox 337 2604 2692 2690; baseline 0 -21"><span class='ocrx_word' id='word_1_181' title='bbox 337 2609 608 2690; x_wconf 88' lang='lat' dir='ltr'>quisque</span> <span class='ocrx_word' id='word_1_182' title='bbox 654 2608 724 2668; x_wconf 88' lang='lat' dir='ltr'>in</span> <span class='ocrx_word' id='word_1_183' title='bbox 769 2605 913 2671; x_wconf 90' lang='lat' dir='ltr'>loco</span> <span class='ocrx_word' id='word_1_184' title='bbox 960 2610 1026 2668; x_wconf 91' lang='lat' dir='ltr'>et</span> <span class='ocrx_word' id='word_1_185' title='bbox 1070 2605 1303 2688; x_wconf 92' lang='lat' dir='ltr'>populo</span> <span class='ocrx_word' id='word_1_186' title='bbox 1350 2625 1467 2669; x_wconf 87' lang='lat' dir='ltr'>suo</span> <span class='ocrx_word' id='word_1_187' title='bbox 1499 2609 1564 2668; x_wconf 93' lang='lat' dir='ltr'>et</span> <span class='ocrx_word' id='word_1_188' title='bbox 1610 2606 1883 2688; x_wconf 92' lang='lat' dir='ltr'>regione</span> <span class='ocrx_word' id='word_1_189' title='bbox 1932 2604 2042 2668; x_wconf 91' lang='lat' dir='ltr'>ubi</span> <span class='ocrx_word' id='word_1_190' title='bbox 2089 2604 2309 2668; x_wconf 90' lang='lat' dir='ltr'>sedem</span> <span class='ocrx_word' id='word_1_191' title='bbox 2342 2625 2526 2669; x_wconf 90' lang='lat' dir='ltr'>suam</span> <span class='ocrx_word' id='word_1_192' title='bbox 2559 2606 2692 2670; x_wconf 91' lang='lat' dir='ltr'>ele-</span> 
     </span>
     <span class='ocr_line' id='line_1_24' title="bbox 337 2705 2690 2792; baseline -0 -20"><span class='ocrx_word' id='word_1_193' title='bbox 337 2713 556 2792; x_wconf 88' lang='lat' dir='ltr'>gerat,</span> <span class='ocrx_word' id='word_1_194' title='bbox 602 2711 739 2792; x_wconf 91' lang='lat' dir='ltr'>ipse</span> <span class='ocrx_word' id='word_1_195' title='bbox 788 2727 1015 2771; x_wconf 87' lang='lat' dir='ltr'>rursus</span> <span class='ocrx_word' id='word_1_196' title='bbox 1059 2707 1209 2771; x_wconf 88' lang='lat' dir='ltr'>tulit</span> <span class='ocrx_word' id='word_1_197' title='bbox 1269 2727 1353 2772; x_wconf 92' lang='lat' dir='ltr'>ex</span> <span class='ocrx_word' id='word_1_198' title='bbox 1400 2705 1628 2770; x_wconf 92' lang='lat' dir='ltr'>eodem</span> <span class='ocrx_word' id='word_1_199' title='bbox 1692 2725 1935 2788; x_wconf 90' lang='lat' dir='ltr'>genere</span> <span class='ocrx_word' id='word_1_200' title='bbox 1982 2706 2269 2770; x_wconf 88' lang='lat' dir='ltr'>humano</span> <span class='ocrx_word' id='word_1_201' title='bbox 2333 2707 2690 2790; x_wconf 87' lang='lat' dir='ltr'>Abraham,</span> 
     </span>
     <span class='ocr_line' id='line_1_25' title="bbox 334 2807 2694 2893; baseline 0 -19"><span class='ocrx_word' id='word_1_202' title='bbox 334 2813 608 2874; x_wconf 88' lang='lat' dir='ltr'>tertium</span> <span class='ocrx_word' id='word_1_203' title='bbox 652 2808 953 2893; x_wconf 88' lang='lat' dir='ltr'>lapidem,</span> <span class='ocrx_word' id='word_1_204' title='bbox 1003 2829 1198 2893; x_wconf 86' lang='lat' dir='ltr'>super</span> <span class='ocrx_word' id='word_1_205' title='bbox 1243 2829 1432 2893; x_wconf 89' lang='lat' dir='ltr'>quem</span> <span class='ocrx_word' id='word_1_206' title='bbox 1472 2807 1864 2891; x_wconf 89' lang='lat' dir='ltr'>aedificavit,</span> <span class='ocrx_word' id='word_1_207' title='bbox 1896 2828 2024 2872; x_wconf 90' lang='lat' dir='ltr'>non</span> <span class='ocrx_word' id='word_1_208' title='bbox 2062 2811 2436 2872; x_wconf 87' lang='lat' dir='ltr'>universam</span> <span class='ocrx_word' id='word_1_209' title='bbox 2469 2811 2694 2875; x_wconf 88' lang='lat' dir='ltr'>mundi</span> 
     </span>
     <span class='ocr_line' id='line_1_26' title="bbox 335 2909 2689 2995; baseline 0 -18"><span class='ocrx_word' id='word_1_210' title='bbox 335 2912 603 2977; x_wconf 88' lang='lat' dir='ltr'>domum</span> <span class='ocrx_word' id='word_1_211' title='bbox 650 2915 817 2976; x_wconf 88' lang='lat' dir='ltr'>sicut</span> <span class='ocrx_word' id='word_1_212' title='bbox 862 2911 1018 2976; x_wconf 91' lang='lat' dir='ltr'>olim</span> <span class='ocrx_word' id='word_1_213' title='bbox 1063 2911 1177 2976; x_wconf 88' lang='lat' dir='ltr'>sed</span> <span class='ocrx_word' id='word_1_214' title='bbox 1222 2911 1541 2976; x_wconf 87' lang='lat' dir='ltr'>familiam</span> <span class='ocrx_word' id='word_1_215' title='bbox 1588 2915 1843 2974; x_wconf 83' lang='lat' dir='ltr'>tantum</span> <span class='ocrx_word' id='word_1_216' title='bbox 1888 2909 2219 2994; x_wconf 71' lang='lat' dir='ltr'>Abrahae,</span> <span class='ocrx_word' id='word_1_217' title='bbox 2269 2931 2432 2995; x_wconf 87' lang='lat' dir='ltr'>quae</span> <span class='ocrx_word' id='word_1_218' title='bbox 2488 2915 2689 2977; x_wconf 83' lang='lat' dir='ltr'>etiam</span> 
     </span>
     <span class='ocr_line' id='line_1_27' title="bbox 333 3011 2694 3098; baseline 0 -20"><span class='ocrx_word' id='word_1_219' title='bbox 333 3019 579 3078; x_wconf 84' lang='lat' dir='ltr'>vocata</span> <span class='ocrx_word' id='word_1_220' title='bbox 626 3019 723 3078; x_wconf 89' lang='lat' dir='ltr'>est</span> <span class='ocrx_word' id='word_1_221' title='bbox 770 3034 937 3077; x_wconf 89' lang='lat' dir='ltr'>unus</span> <span class='ocrx_word' id='word_1_222' title='bbox 982 3013 1253 3098; x_wconf 93' lang='lat' dir='ltr'>populus</span> <span class='ocrx_word' id='word_1_223' title='bbox 1298 3018 1363 3077; x_wconf 91' lang='lat' dir='ltr'>et</span> <span class='ocrx_word' id='word_1_224' title='bbox 1397 3032 1559 3096; x_wconf 89' lang='lat' dir='ltr'>gens</span> <span class='ocrx_word' id='word_1_225' title='bbox 1590 3012 1813 3076; x_wconf 87' lang='lat' dir='ltr'>Israel.</span> <span class='ocrx_word' id='word_1_226' title='bbox 1847 3011 1931 3076; x_wconf 90' lang='lat' dir='ltr'>Et</span> <span class='ocrx_word' id='word_1_227' title='bbox 1960 3012 2223 3077; x_wconf 81' lang='lat' dir='ltr'>Artifex</span> <span class='ocrx_word' id='word_1_228' title='bbox 2257 3012 2694 3078; x_wconf 89' lang='lat' dir='ltr'>dimensiones</span> 
     </span>
     <span class='ocr_line' id='line_1_28' title="bbox 334 3114 2694 3199; baseline 0 -19"><span class='ocrx_word' id='word_1_229' title='bbox 334 3115 571 3180; x_wconf 88' lang='lat' dir='ltr'>domus</span> <span class='ocrx_word' id='word_1_230' title='bbox 600 3119 836 3180; x_wconf 90' lang='lat' dir='ltr'>tertiae</span> <span class='ocrx_word' id='word_1_231' title='bbox 869 3118 1200 3180; x_wconf 82' lang='lat' dir='ltr'>contraxit</span> <span class='ocrx_word' id='word_1_232' title='bbox 1228 3118 1607 3199; x_wconf 85' lang='lat' dir='ltr'>minuitque,</span> <span class='ocrx_word' id='word_1_233' title='bbox 1641 3114 1868 3179; x_wconf 90' lang='lat' dir='ltr'>forsan</span> <span class='ocrx_word' id='word_1_234' title='bbox 1898 3119 1969 3178; x_wconf 93' lang='lat' dir='ltr'>ut</span> <span class='ocrx_word' id='word_1_235' title='bbox 2000 3114 2166 3180; x_wconf 89' lang='lat' dir='ltr'>haec</span> <span class='ocrx_word' id='word_1_236' title='bbox 2182 3117 2277 3180; x_wconf 92' lang='lat' dir='ltr'>sic</span> <span class='ocrx_word' id='word_1_237' title='bbox 2308 3122 2694 3182; x_wconf 89' lang='lat' dir='ltr'>servaretur</span> 
     </span>
     <span class='ocr_line' id='line_1_29' title="bbox 332 3215 2695 3301; baseline -0 -20"><span class='ocrx_word' id='word_1_238' title='bbox 332 3237 464 3282; x_wconf 90' lang='lat' dir='ltr'>nec</span> <span class='ocrx_word' id='word_1_239' title='bbox 509 3216 775 3281; x_wconf 90' lang='lat' dir='ltr'>caderet</span> <span class='ocrx_word' id='word_1_240' title='bbox 821 3237 1023 3300; x_wconf 83' lang='lat' dir='ltr'>eaque</span> <span class='ocrx_word' id='word_1_241' title='bbox 1070 3219 1209 3301; x_wconf 92' lang='lat' dir='ltr'>ipse</span> <span class='ocrx_word' id='word_1_242' title='bbox 1257 3222 1567 3300; x_wconf 88' lang='lat' dir='ltr'>tanquam</span> <span class='ocrx_word' id='word_1_243' title='bbox 1612 3215 1988 3280; x_wconf 90' lang='lat' dir='ltr'>habitaculo</span> <span class='ocrx_word' id='word_1_244' title='bbox 2035 3221 2348 3282; x_wconf 90' lang='lat' dir='ltr'>uteretur.</span> <span class='ocrx_word' id='word_1_245' title='bbox 2413 3217 2695 3281; x_wconf 89' lang='lat' dir='ltr'>Verum-</span> 
     </span>
     <span class='ocr_line' id='line_1_30' title="bbox 332 3317 2694 3404; baseline 0 -21"><span class='ocrx_word' id='word_1_246' title='bbox 332 3326 563 3383; x_wconf 88' lang='lat' dir='ltr'>tamen</span> <span class='ocrx_word' id='word_1_247' title='bbox 601 3319 789 3402; x_wconf 77' lang='lat' dir='ltr'>DeUS,</span> <span class='ocrx_word' id='word_1_248' title='bbox 824 3339 973 3384; x_wconf 90' lang='lat' dir='ltr'>cum</span> <span class='ocrx_word' id='word_1_249' title='bbox 1004 3319 1260 3383; x_wconf 89' lang='lat' dir='ltr'>videret</span> <span class='ocrx_word' id='word_1_250' title='bbox 1290 3321 1490 3382; x_wconf 91' lang='lat' dir='ltr'>etiam</span> <span class='ocrx_word' id='word_1_251' title='bbox 1522 3317 1784 3383; x_wconf 89' lang='lat' dir='ltr'>domum</span> <span class='ocrx_word' id='word_1_252' title='bbox 1813 3323 2231 3382; x_wconf 86' lang='lat' dir='ltr'>veterascere</span> <span class='ocrx_word' id='word_1_253' title='bbox 2264 3324 2329 3382; x_wconf 89' lang='lat' dir='ltr'>et</span> <span class='ocrx_word' id='word_1_254' title='bbox 2361 3322 2694 3404; x_wconf 89' lang='lat' dir='ltr'>corrumpi</span> 
     </span>
     <span class='ocr_line' id='line_1_31' title="bbox 333 3419 2692 3504; baseline 0 -20"><span class='ocrx_word' id='word_1_255' title='bbox 333 3441 490 3486; x_wconf 88' lang='lat' dir='ltr'>eam</span> <span class='ocrx_word' id='word_1_256' title='bbox 534 3440 669 3485; x_wconf 91' lang='lat' dir='ltr'>non</span> <span class='ocrx_word' id='word_1_257' title='bbox 714 3420 915 3485; x_wconf 89' lang='lat' dir='ltr'>diruit</span> <span class='ocrx_word' id='word_1_258' title='bbox 960 3423 1127 3485; x_wconf 90' lang='lat' dir='ltr'>sicut</span> <span class='ocrx_word' id='word_1_259' title='bbox 1156 3423 1453 3504; x_wconf 87' lang='lat' dir='ltr'>primam,</span> <span class='ocrx_word' id='word_1_260' title='bbox 1486 3439 1609 3484; x_wconf 90' lang='lat' dir='ltr'>nec</span> <span class='ocrx_word' id='word_1_261' title='bbox 1640 3419 1944 3504; x_wconf 88' lang='lat' dir='ltr'>dispersit</span> <span class='ocrx_word' id='word_1_262' title='bbox 1975 3423 2142 3484; x_wconf 87' lang='lat' dir='ltr'>sicut</span> <span class='ocrx_word' id='word_1_263' title='bbox 2173 3419 2542 3502; x_wconf 86' lang='lat' dir='ltr'>secundam,</span> <span class='ocrx_word' id='word_1_264' title='bbox 2577 3419 2692 3484; x_wconf 89' lang='lat' dir='ltr'>sed</span> 
     </span>
     <span class='ocr_line' id='line_1_32' title="bbox 332 3521 2693 3607; baseline -0 -19"><span class='ocrx_word' id='word_1_265' title='bbox 332 3528 407 3588; x_wconf 92' lang='lat' dir='ltr'>in</span> <span class='ocrx_word' id='word_1_266' title='bbox 435 3543 515 3587; x_wconf 91' lang='lat' dir='ltr'>ea</span> <span class='ocrx_word' id='word_1_267' title='bbox 540 3522 920 3588; x_wconf 86' lang='lat' dir='ltr'>fulcimenta</span> <span class='ocrx_word' id='word_1_268' title='bbox 951 3526 1162 3607; x_wconf 92' lang='lat' dir='ltr'>posuit</span> <span class='ocrx_word' id='word_1_269' title='bbox 1194 3543 1463 3606; x_wconf 85' lang='lat' dir='ltr'>eamque</span> <span class='ocrx_word' id='word_1_270' title='bbox 1487 3526 1808 3587; x_wconf 88' lang='lat' dir='ltr'>vincturis</span> <span class='ocrx_word' id='word_1_271' title='bbox 1839 3522 2196 3606; x_wconf 88' lang='lat' dir='ltr'>colligavit,</span> <span class='ocrx_word' id='word_1_272' title='bbox 2231 3543 2396 3607; x_wconf 92' lang='lat' dir='ltr'>quae</span> <span class='ocrx_word' id='word_1_273' title='bbox 2427 3521 2693 3587; x_wconf 83' lang='lat' dir='ltr'>fuerunt</span> 
     </span>
     <span class='ocr_line' id='line_1_33' title="bbox 332 3623 2695 3711; baseline -0 -22"><span class='ocrx_word' id='word_1_274' title='bbox 332 3624 718 3711; x_wconf 84' lang='lat' dir='ltr'>prophetae,</span> <span class='ocrx_word' id='word_1_275' title='bbox 767 3629 831 3688; x_wconf 89' lang='lat' dir='ltr'>et</span> <span class='ocrx_word' id='word_1_276' title='bbox 877 3623 1268 3706; x_wconf 84' lang='lat' dir='ltr'>sacerdoteS,</span> <span class='ocrx_word' id='word_1_277' title='bbox 1319 3629 1383 3688; x_wconf 84' lang='lat' dir='ltr'>et</span> <span class='ocrx_word' id='word_1_278' title='bbox 1430 3643 1642 3708; x_wconf 80' lang='lat' dir='ltr'>regeS,</span> <span class='ocrx_word' id='word_1_279' title='bbox 1692 3629 1759 3688; x_wconf 86' lang='lat' dir='ltr'>et</span> <span class='ocrx_word' id='word_1_280' title='bbox 1789 3627 1962 3707; x_wconf 89' lang='lat' dir='ltr'>iusti,</span> <span class='ocrx_word' id='word_1_281' title='bbox 2011 3624 2095 3688; x_wconf 88' lang='lat' dir='ltr'>ad</span> <span class='ocrx_word' id='word_1_282' title='bbox 2126 3623 2513 3688; x_wconf 88' lang='lat' dir='ltr'>firmandam</span> <span class='ocrx_word' id='word_1_283' title='bbox 2554 3627 2695 3688; x_wconf 88' lang='lat' dir='ltr'>eius</span> 
     </span>
     <span class='ocr_line' id='line_1_34' title="bbox 334 3726 2698 3811; baseline -0 -19"><span class='ocrx_word' id='word_1_284' title='bbox 334 3727 855 3792; x_wconf 86' lang='lat' dir='ltr'>instabilitatem.</span> <span class='ocrx_word' id='word_1_285' title='bbox 906 3726 1031 3790; x_wconf 90' lang='lat' dir='ltr'>Sed</span> <span class='ocrx_word' id='word_1_286' title='bbox 1075 3747 1198 3792; x_wconf 89' lang='grc'>1133</span> <span class='ocrx_word' id='word_1_287' title='bbox 1228 3729 1322 3791; x_wconf 89' lang='lat' dir='ltr'>ita</span> <span class='ocrx_word' id='word_1_288' title='bbox 1368 3730 1608 3792; x_wconf 90' lang='lat' dir='ltr'>mansit</span> <span class='ocrx_word' id='word_1_289' title='bbox 1639 3729 1896 3792; x_wconf 79' lang='lat' dir='ltr'>domus</span> <span class='ocrx_word' id='word_1_290' title='bbox 1933 3730 2040 3792; x_wconf 90' lang='lat' dir='ltr'>cui</span> <span class='ocrx_word' id='word_1_291' title='bbox 2071 3729 2313 3791; x_wconf 90' lang='lat' dir='ltr'>eximia</span> <span class='ocrx_word' id='word_1_292' title='bbox 2347 3746 2506 3791; x_wconf 90' lang='lat' dir='ltr'>cura</span> <span class='ocrx_word' id='word_1_293' title='bbox 2539 3747 2698 3811; x_wconf 92' lang='lat' dir='ltr'>pro-</span> 
     </span>
     <span class='ocr_line' id='line_1_35' title="bbox 333 3827 2691 3913; baseline -0.001 -21"><span class='ocrx_word' id='word_1_294' title='bbox 333 3827 627 3911; x_wconf 86' lang='lat' dir='ltr'>videbat,</span> <span class='ocrx_word' id='word_1_295' title='bbox 676 3834 741 3892; x_wconf 88' lang='lat' dir='ltr'>et</span> <span class='ocrx_word' id='word_1_296' title='bbox 786 3832 937 3912; x_wconf 88' lang='lat' dir='ltr'>quia</span> <span class='ocrx_word' id='word_1_297' title='bbox 982 3828 1174 3893; x_wconf 91' lang='lat' dir='ltr'>valde</span> <span class='ocrx_word' id='word_1_298' title='bbox 1228 3835 1418 3894; x_wconf 91' lang='lat' dir='ltr'>vetus</span> <span class='ocrx_word' id='word_1_299' title='bbox 1464 3835 1530 3893; x_wconf 94' lang='lat' dir='ltr'>et</span> <span class='ocrx_word' id='word_1_300' title='bbox 1591 3834 1899 3912; x_wconf 88' lang='lat' dir='ltr'>corrupta</span> <span class='ocrx_word' id='word_1_301' title='bbox 1962 3833 2108 3892; x_wconf 87' lang='lat' dir='ltr'>erat</span> <span class='ocrx_word' id='word_1_302' title='bbox 2169 3849 2287 3913; x_wconf 93' lang='lat' dir='ltr'>per</span> <span class='ocrx_word' id='word_1_303' title='bbox 2333 3833 2691 3913; x_wconf 89' lang='lat' dir='ltr'>peccatum,</span> 
     </span>
     <span class='ocr_line' id='line_1_36' title="bbox 334 3930 2693 3997; baseline -0.001 0"><span class='ocrx_word' id='word_1_304' title='bbox 334 3937 721 3997; x_wconf 89' lang='lat' dir='ltr'>constanter</span> <span class='ocrx_word' id='word_1_305' title='bbox 766 3933 999 3996; x_wconf 89' lang='lat' dir='ltr'>ruebat</span> <span class='ocrx_word' id='word_1_306' title='bbox 1045 3937 1110 3996; x_wconf 91' lang='lat' dir='ltr'>et</span> <span class='ocrx_word' id='word_1_307' title='bbox 1155 3932 1430 3997; x_wconf 90' lang='lat' dir='ltr'>cadebat</span> <span class='ocrx_word' id='word_1_308' title='bbox 1462 3937 1526 3995; x_wconf 92' lang='lat' dir='ltr'>et</span> <span class='ocrx_word' id='word_1_309' title='bbox 1556 3935 1747 3996; x_wconf 92' lang='lat' dir='ltr'>vario</span> <span class='ocrx_word' id='word_1_310' title='bbox 1796 3930 1985 3996; x_wconf 91' lang='lat' dir='ltr'>modo</span> <span class='ocrx_word' id='word_1_311' title='bbox 2031 3932 2453 3996; x_wconf 88' lang='lat' dir='ltr'>evertebatur</span> <span class='ocrx_word' id='word_1_312' title='bbox 2500 3936 2564 3995; x_wconf 89' lang='lat' dir='ltr'>et</span> <span class='ocrx_word' id='word_1_313' title='bbox 2597 3930 2693 3994; x_wconf 92' lang='lat' dir='ltr'>di-</span> 
     </span>
     <span class='ocr_line' id='line_1_37' title="bbox 334 4033 2696 4120; baseline -0.002 -20"><span class='ocrx_word' id='word_1_314' title='bbox 334 4035 789 4120; x_wconf 89' lang='lat' dir='ltr'>sperdebatur,</span> <span class='ocrx_word' id='word_1_315' title='bbox 816 4055 937 4099; x_wconf 92' lang='lat' dir='ltr'>nec</span> <span class='ocrx_word' id='word_1_316' title='bbox 960 4033 1341 4099; x_wconf 90' lang='lat' dir='ltr'>fulcimenta</span> <span class='ocrx_word' id='word_1_317' title='bbox 1371 4039 1720 4118; x_wconf 84' lang='lat' dir='ltr'>potuerunt</span> <span class='ocrx_word' id='word_1_318' title='bbox 1751 4054 1898 4098; x_wconf 89' lang='lat' dir='ltr'>eam</span> <span class='ocrx_word' id='word_1_319' title='bbox 1930 4037 2250 4098; x_wconf 88' lang='lat' dir='ltr'>sustinere</span> <span class='ocrx_word' id='word_1_320' title='bbox 2283 4053 2405 4097; x_wconf 93' lang='lat' dir='ltr'>nec</span> <span class='ocrx_word' id='word_1_321' title='bbox 2437 4035 2696 4097; x_wconf 90' lang='lat' dir='ltr'>vinctu-</span> 
     </span>
     <span class='ocr_line' id='line_1_38' title="bbox 336 4136 1858 4221; baseline -0.001 -21"><span class='ocrx_word' id='word_1_322' title='bbox 336 4156 460 4201; x_wconf 91' lang='lat' dir='ltr'>rae</span> <span class='ocrx_word' id='word_1_323' title='bbox 506 4137 824 4221; x_wconf 88' lang='lat' dir='ltr'>impedire</span> <span class='ocrx_word' id='word_1_324' title='bbox 871 4139 1026 4220; x_wconf 88' lang='lat' dir='ltr'>quin</span> <span class='ocrx_word' id='word_1_325' title='bbox 1073 4136 1156 4200; x_wconf 90' lang='lat' dir='ltr'>ad</span> <span class='ocrx_word' id='word_1_326' title='bbox 1204 4139 1461 4200; x_wconf 90' lang='lat' dir='ltr'>ruinam</span> <span class='ocrx_word' id='word_1_327' title='bbox 1510 4140 1858 4219; x_wconf 88' lang='lat' dir='ltr'>spectaret.</span> 
     </span>
    </p>

    <p class='ocr_par' dir='ltr' id='par_1_6' title="bbox 334 4236 2695 4629">
     <span class='ocr_line' id='line_1_39' title="bbox 430 4236 2695 4323; baseline -0.001 -21"><span class='ocrx_word' id='word_1_328' title='bbox 430 4237 959 4323; x_wconf 88' lang='lat' dir='ltr'>Sapientissimus</span> <span class='ocrx_word' id='word_1_329' title='bbox 1005 4238 1233 4303; x_wconf 91' lang='lat' dir='ltr'>domus</span> <span class='ocrx_word' id='word_1_330' title='bbox 1278 4237 1559 4321; x_wconf 84' lang='lat' dir='ltr'>Artifex,</span> <span class='ocrx_word' id='word_1_331' title='bbox 1608 4258 1755 4302; x_wconf 90' lang='lat' dir='ltr'>cum</span> <span class='ocrx_word' id='word_1_332' title='bbox 1802 4237 2057 4302; x_wconf 93' lang='lat' dir='ltr'>videret</span> <span class='ocrx_word' id='word_1_333' title='bbox 2090 4236 2454 4301; x_wconf 89' lang='lat' dir='ltr'>aedificium</span> <span class='ocrx_word' id='word_1_334' title='bbox 2503 4236 2695 4300; x_wconf 87' lang='lat' dir='ltr'>fami-</span> 
     </span>
     <span class='ocr_line' id='line_1_40' title="bbox 334 4333 2692 4424; baseline -0.001 -20"><span class='ocrx_word' id='word_1_335' title='bbox 334 4333 470 4405; x_wconf 91' lang='lat' dir='ltr'>liae</span> <span class='ocrx_word' id='word_1_336' title='bbox 504 4339 815 4404; x_wconf 91' lang='lat' dir='ltr'>Abrahae</span> <span class='ocrx_word' id='word_1_337' title='bbox 848 4361 926 4404; x_wconf 94' lang='lat' dir='ltr'>eo</span> <span class='ocrx_word' id='word_1_338' title='bbox 959 4340 1147 4406; x_wconf 90' lang='lat' dir='ltr'>modo</span> <span class='ocrx_word' id='word_1_339' title='bbox 1180 4343 1565 4405; x_wconf 88' lang='lat' dir='ltr'>conservari</span> <span class='ocrx_word' id='word_1_340' title='bbox 1594 4360 1728 4404; x_wconf 92' lang='lat' dir='ltr'>non</span> <span class='ocrx_word' id='word_1_341' title='bbox 1759 4359 1965 4424; x_wconf 92' lang='lat' dir='ltr'>posse,</span> <span class='ocrx_word' id='word_1_342' title='bbox 1997 4359 2121 4404; x_wconf 91' lang='lat' dir='ltr'>nec</span> <span class='ocrx_word' id='word_1_343' title='bbox 2151 4344 2356 4405; x_wconf 87' lang='lat' dir='ltr'>totum</span> <span class='ocrx_word' id='word_1_344' title='bbox 2391 4338 2692 4423; x_wconf 89' lang='lat' dir='ltr'>populum</span> 
     </span>
     <span class='ocr_line' id='line_1_41' title="bbox 335 4441 2693 4527; baseline -0.002 -19"><span class='ocrx_word' id='word_1_345' title='bbox 335 4443 789 4508; x_wconf 88' lang='lat' dir='ltr'>habitaculum</span> <span class='ocrx_word' id='word_1_346' title='bbox 834 4443 961 4507; x_wconf 91' lang='lat' dir='ltr'>sibi</span> <span class='ocrx_word' id='word_1_347' title='bbox 1005 4441 1152 4507; x_wconf 88' lang='lat' dir='ltr'>fieri</span> <span class='ocrx_word' id='word_1_348' title='bbox 1197 4463 1403 4527; x_wconf 85' lang='lat' dir='ltr'>posse,</span> <span class='ocrx_word' id='word_1_349' title='bbox 1436 4463 1519 4506; x_wconf 90' lang='grc'>113</span> <span class='ocrx_word' id='word_1_350' title='bbox 1567 4445 1832 4507; x_wconf 86' lang='grc'>0111111110</span> <span class='ocrx_word' id='word_1_351' title='bbox 1879 4441 2138 4507; x_wconf 90' lang='lat' dir='ltr'>deficiat</span> <span class='ocrx_word' id='word_1_352' title='bbox 2161 4443 2285 4506; x_wconf 89' lang='lat' dir='ltr'>sibi</span> <span class='ocrx_word' id='word_1_353' title='bbox 2331 4441 2530 4523; x_wconf 90' lang='grc'>103113,</span> <span class='ocrx_word' id='word_1_354' title='bbox 2564 4441 2693 4523; x_wconf 91' lang='lat' dir='ltr'>vel,</span> 
     </span>
     <span class='ocr_line' id='line_1_42' title="bbox 335 4517 2693 4629; baseline -0.001 -20"><span class='ocrx_word' id='word_1_355' title='bbox 335 4551 412 4610; x_wconf 91' lang='lat' dir='ltr'>ut</span> <span class='ocrx_word' id='word_1_356' title='bbox 456 4548 594 4629; x_wconf 91' lang='lat' dir='ltr'>ipse</span> <span class='ocrx_word' id='word_1_357' title='bbox 642 4548 755 4628; x_wconf 89' lang='lat' dir='ltr'>ait,</span> <span class='ocrx_word' id='word_1_358' title='bbox 803 4565 885 4609; x_wconf 91' lang='lat' dir='ltr'>ne</span> <span class='ocrx_word' id='word_1_359' title='bbox 932 4517 1103 4610; x_wconf 56' lang='lat' dir='ltr'>forte</span> <span class='ocrx_word' id='word_1_360' title='bbox 1151 4545 1264 4609; x_wconf 91' lang='lat' dir='ltr'>ubi</span> <span class='ocrx_word' id='word_1_361' title='bbox 1310 4550 1501 4628; x_wconf 87' lang='lat' dir='ltr'>caput</span> <span class='ocrx_word' id='word_1_362' title='bbox 1532 4543 1891 4608; x_wconf 88' lang='lat' dir='ltr'>reclinaret</span> <span class='ocrx_word' id='word_1_363' title='bbox 1935 4564 2066 4607; x_wconf 92' lang='lat' dir='ltr'>non</span> <span class='ocrx_word' id='word_1_364' title='bbox 2111 4545 2544 4625; x_wconf 85' lang='lat' dir='ltr'>inveniretur,</span> <span class='ocrx_word' id='word_1_365' title='bbox 2578 4542 2693 4606; x_wconf 87' lang='lat' dir='ltr'>illa</span> 
     </span>
    </p>
   </div>
   <div class='ocr_carea' id='block_1_5' title="bbox 2747 2313 2958 2383">
    <p class='ocr_par' dir='ltr' id='par_1_7' title="bbox 2747 2313 2958 2383">
     <span class='ocr_line' id='line_1_43' title="bbox 2747 2313 2958 2383; baseline -0.005 -16"><span class='ocrx_word' id='word_1_366' title='bbox 2747 2328 2803 2383; x_wconf 89' lang='lat' dir='ltr'>p.</span> <span class='ocrx_word' id='word_1_367' title='bbox 2833 2313 2958 2366; x_wconf 81' lang='lat'>225.</span> 
     </span>
    </p>
   </div>
  </div>
 </body>
</html>
