<?xml version="1.0" encoding="UTF-8"?>
<!DOCTYPE html PUBLIC "-//W3C//DTD XHTML 1.0 Transitional//EN"
    "http://www.w3.org/TR/xhtml1/DTD/xhtml1-transitional.dtd">
<html xmlns="http://www.w3.org/1999/xhtml" xml:lang="en" lang="en">
 <head>
  <title>
</title>
<meta http-equiv="Content-Type" content="text/html;charset=utf-8" />
  <meta name='ocr-system' content='tesseract 3.04.00' />
  <meta name='ocr-capabilities' content='ocr_page ocr_carea ocr_par ocr_line ocrx_word'/>
</head>
<body>
  <div class='ocr_page' id='page_1' title='image "./corpusscriptoru13unkngoog_0069.png"; bbox 0 0 3400 5642; ppageno 0'>
   <div class='ocr_carea' id='block_1_1' title="bbox 468 2304 644 2373">
    <p class='ocr_par' dir='ltr' id='par_1_1' title="bbox 468 2304 644 2373">
     <span class='ocr_line' id='line_1_1' title="bbox 468 2304 644 2373; baseline 0.011 -18"><span class='ocrx_word' id='word_1_1' title='bbox 468 2316 527 2373; x_wconf 85' lang='lat' dir='ltr'><strong>p.</strong></span> <span class='ocrx_word' id='word_1_2' title='bbox 557 2304 644 2357; x_wconf 88' lang='lat'><strong>71.</strong></span> 
     </span>
    </p>
   </div>
   <div class='ocr_carea' id='block_1_2' title="bbox 705 658 3052 1765">
    <p class='ocr_par' dir='ltr' id='par_1_2' title="bbox 705 658 3052 1765">
     <span class='ocr_line' id='line_1_2' title="bbox 801 658 3052 745; baseline -0 -21"><span class='ocrx_word' id='word_1_3' title='bbox 801 661 976 726; x_wconf 89' lang='lat' dir='ltr'><strong>Duas</strong></span> <span class='ocrx_word' id='word_1_4' title='bbox 1022 663 1230 745; x_wconf 87' lang='lat' dir='ltr'><strong>igitur</strong></span> <span class='ocrx_word' id='word_1_5' title='bbox 1270 663 1653 726; x_wconf 83' lang='lat' dir='ltr'><strong>nativitates</strong></span> <span class='ocrx_word' id='word_1_6' title='bbox 1698 659 1868 726; x_wconf 91' lang='lat' dir='ltr'><strong>Filio</strong></span> <span class='ocrx_word' id='word_1_7' title='bbox 1915 661 2034 725; x_wconf 90' lang='lat' dir='ltr'><strong>Dei</strong></span> <span class='ocrx_word' id='word_1_8' title='bbox 2078 679 2241 742; x_wconf 90' lang='lat' dir='ltr'><strong>esse,</strong></span> <span class='ocrx_word' id='word_1_9' title='bbox 2267 680 2304 724; x_wconf 88' lang='lat' dir='ltr'><strong>e</strong></span> <span class='ocrx_word' id='word_1_10' title='bbox 2349 659 2568 724; x_wconf 84' lang='lat' dir='ltr'><strong>Libris</strong></span> <span class='ocrx_word' id='word_1_11' title='bbox 2612 662 2858 724; x_wconf 89' lang='lat' dir='ltr'><strong>sanctis</strong></span> <span class='ocrx_word' id='word_1_12' title='bbox 2896 658 3052 725; x_wconf 91' lang='lat' dir='ltr'><strong>didi-</strong></span> 
     </span>
     <span class='ocr_line' id='line_1_3' title="bbox 711 760 3052 844; baseline -0.001 -16"><span class='ocrx_word' id='word_1_13' title='bbox 711 765 949 838; x_wconf 80' lang='lat' dir='ltr'><strong>cimus3</strong></span> <span class='ocrx_word' id='word_1_14' title='bbox 1000 781 1201 826; x_wconf 91' lang='lat' dir='ltr'><strong>unam</strong></span> <span class='ocrx_word' id='word_1_15' title='bbox 1244 762 1635 844; x_wconf 86' lang='lat' dir='ltr'><strong>naturalem,</strong></span> <span class='ocrx_word' id='word_1_16' title='bbox 1684 760 1965 827; x_wconf 89' lang='lat' dir='ltr'><strong>alteram</strong></span> <span class='ocrx_word' id='word_1_17' title='bbox 2009 781 2172 827; x_wconf 85' lang='lat' dir='ltr'><strong>vero</strong></span> <span class='ocrx_word' id='word_1_18' title='bbox 2219 761 2696 837; x_wconf 79' lang='lat' dir='ltr'><strong>voluntariam3</strong></span> <span class='ocrx_word' id='word_1_19' title='bbox 2745 781 2944 826; x_wconf 87' lang='lat' dir='ltr'><strong>unam</strong></span> <span class='ocrx_word' id='word_1_20' title='bbox 2972 781 3052 826; x_wconf 90' lang='lat' dir='ltr'><strong>ex</strong></span> 
     </span>
     <span class='ocr_line' id='line_1_4' title="bbox 710 862 3050 948; baseline -0.001 -20"><span class='ocrx_word' id='word_1_21' title='bbox 710 865 929 945; x_wconf 90' lang='lat' dir='ltr'><strong>Patre,</strong></span> <span class='ocrx_word' id='word_1_22' title='bbox 979 863 1255 928; x_wconf 90' lang='lat' dir='ltr'><strong>alteram</strong></span> <span class='ocrx_word' id='word_1_23' title='bbox 1304 883 1389 928; x_wconf 89' lang='lat' dir='ltr'><strong>ex</strong></span> <span class='ocrx_word' id='word_1_24' title='bbox 1436 863 1684 939; x_wconf 87' lang='lat' dir='ltr'><strong>Matre;</strong></span> <span class='ocrx_word' id='word_1_25' title='bbox 1735 883 1936 928; x_wconf 90' lang='lat' dir='ltr'><strong>unam</strong></span> <span class='ocrx_word' id='word_1_26' title='bbox 1983 869 2136 928; x_wconf 89' lang='lat' dir='ltr'><strong>ante</strong></span> <span class='ocrx_word' id='word_1_27' title='bbox 2183 869 2478 948; x_wconf 91' lang='lat' dir='ltr'><strong>tempora</strong></span> <span class='ocrx_word' id='word_1_28' title='bbox 2525 869 2591 927; x_wconf 92' lang='lat' dir='ltr'><strong>et</strong></span> <span class='ocrx_word' id='word_1_29' title='bbox 2621 862 3050 944; x_wconf 81' lang='lat' dir='ltr'><strong>essentialem,</strong></span> 
     </span>
     <span class='ocr_line' id='line_1_5' title="bbox 710 965 3050 1050; baseline -0 -19"><span class='ocrx_word' id='word_1_30' title='bbox 710 967 989 1032; x_wconf 88' lang='lat' dir='ltr'><strong>alteram</strong></span> <span class='ocrx_word' id='word_1_31' title='bbox 1034 972 1176 1050; x_wconf 88' lang='lat' dir='ltr'><strong>post</strong></span> <span class='ocrx_word' id='word_1_32' title='bbox 1220 971 1515 1050; x_wconf 90' lang='lat' dir='ltr'><strong>tempora</strong></span> <span class='ocrx_word' id='word_1_33' title='bbox 1562 972 1629 1031; x_wconf 91' lang='lat' dir='ltr'><strong>et</strong></span> <span class='ocrx_word' id='word_1_34' title='bbox 1658 966 2033 1032; x_wconf 87' lang='lat' dir='ltr'><strong>humanam.</strong></span> <span class='ocrx_word' id='word_1_35' title='bbox 2067 965 2150 1030; x_wconf 92' lang='lat' dir='ltr'><strong>Et</strong></span> <span class='ocrx_word' id='word_1_36' title='bbox 2181 965 2718 1050; x_wconf 84' lang='lat' dir='ltr'><strong>quemadmodum</strong></span> <span class='ocrx_word' id='word_1_37' title='bbox 2742 968 3050 1030; x_wconf 78' lang='lat' dir='ltr'><strong>nativitas</strong></span> 
     </span>
     <span class='ocr_line' id='line_1_6' title="bbox 708 1067 3050 1153; baseline -0.001 -20"><span class='ocrx_word' id='word_1_38' title='bbox 708 1068 1033 1134; x_wconf 87' lang='lat' dir='ltr'><strong>naturalis</strong></span> <span class='ocrx_word' id='word_1_39' title='bbox 1077 1067 1543 1153; x_wconf 83' lang='lat' dir='ltr'><strong>comprehendi</strong></span> <span class='ocrx_word' id='word_1_40' title='bbox 1588 1071 1830 1153; x_wconf 90' lang='lat' dir='ltr'><strong>nequit,</strong></span> <span class='ocrx_word' id='word_1_41' title='bbox 1879 1071 1972 1133; x_wconf 91' lang='lat' dir='ltr'><strong>ita</strong></span> <span class='ocrx_word' id='word_1_42' title='bbox 2021 1087 2144 1132; x_wconf 93' lang='lat' dir='ltr'><strong>nec</strong></span> <span class='ocrx_word' id='word_1_43' title='bbox 2174 1068 2291 1132; x_wconf 88' lang='lat' dir='ltr'><strong>illa</strong></span> <span class='ocrx_word' id='word_1_44' title='bbox 2339 1087 2503 1150; x_wconf 90' lang='lat' dir='ltr'><strong>quae</strong></span> <span class='ocrx_word' id='word_1_45' title='bbox 2535 1067 2908 1132; x_wconf 86' lang='lat' dir='ltr'><strong>voluntarie</strong></span> <span class='ocrx_word' id='word_1_46' title='bbox 2939 1087 3050 1152; x_wconf 92' lang='lat' dir='ltr'><strong>per</strong></span> 
     </span>
     <span class='ocr_line' id='line_1_7' title="bbox 706 1169 3052 1255; baseline -0.002 -19"><span class='ocrx_word' id='word_1_47' title='bbox 706 1173 1227 1236; x_wconf 82' lang='lat' dir='ltr'><strong>exinanitionem</strong></span> <span class='ocrx_word' id='word_1_48' title='bbox 1286 1169 1463 1235; x_wconf 84' lang='lat' dir='ltr'><strong>facta</strong></span> <span class='ocrx_word' id='word_1_49' title='bbox 1526 1177 1643 1253; x_wconf 89' lang='lat' dir='ltr'><strong>est,</strong></span> <span class='ocrx_word' id='word_1_50' title='bbox 1692 1171 1992 1254; x_wconf 85' lang='lat' dir='ltr'><strong>intellegi</strong></span> <span class='ocrx_word' id='word_1_51' title='bbox 2051 1175 2279 1255; x_wconf 89' lang='lat' dir='ltr'><strong>potest.</strong></span> <span class='ocrx_word' id='word_1_52' title='bbox 2339 1169 2424 1233; x_wconf 92' lang='lat' dir='ltr'><strong>Et</strong></span> <span class='ocrx_word' id='word_1_53' title='bbox 2469 1189 2616 1235; x_wconf 89' lang='lat' dir='ltr'><strong>cum</strong></span> <span class='ocrx_word' id='word_1_54' title='bbox 2677 1175 2930 1234; x_wconf 90' lang='lat' dir='ltr'><strong>certum</strong></span> <span class='ocrx_word' id='word_1_55' title='bbox 2973 1173 3052 1234; x_wconf 91' lang='lat' dir='ltr'><strong>sit</strong></span> 
     </span>
     <span class='ocr_line' id='line_1_8' title="bbox 706 1271 3048 1356; baseline -0.001 -19"><span class='ocrx_word' id='word_1_56' title='bbox 706 1293 856 1337; x_wconf 91' lang='lat' dir='ltr'><strong>eum</strong></span> <span class='ocrx_word' id='word_1_57' title='bbox 887 1292 1029 1337; x_wconf 91' lang='lat' dir='ltr'><strong>esse</strong></span> <span class='ocrx_word' id='word_1_58' title='bbox 1062 1272 1359 1337; x_wconf 89' lang='lat' dir='ltr'><strong>eamdem</strong></span> <span class='ocrx_word' id='word_1_59' title='bbox 1404 1291 1756 1356; x_wconf 87' lang='lat' dir='ltr'><strong>personam</strong></span> <span class='ocrx_word' id='word_1_60' title='bbox 1785 1271 1999 1356; x_wconf 90' lang='lat' dir='ltr'><strong>quoad</strong></span> <span class='ocrx_word' id='word_1_61' title='bbox 2028 1277 2370 1354; x_wconf 90' lang='lat' dir='ltr'><strong>utramque</strong></span> <span class='ocrx_word' id='word_1_62' title='bbox 2417 1273 2853 1352; x_wconf 82' lang='lat' dir='ltr'><strong>nativitatem,</strong></span> <span class='ocrx_word' id='word_1_63' title='bbox 2886 1291 3048 1335; x_wconf 89' lang='lat' dir='ltr'><strong>unus</strong></span> 
     </span>
     <span class='ocr_line' id='line_1_9' title="bbox 705 1371 3048 1458; baseline -0.001 -20"><span class='ocrx_word' id='word_1_64' title='bbox 705 1377 881 1438; x_wconf 89' lang='lat' dir='ltr'><strong>enim</strong></span> <span class='ocrx_word' id='word_1_65' title='bbox 928 1380 1027 1439; x_wconf 87' lang='lat' dir='ltr'><strong>est</strong></span> <span class='ocrx_word' id='word_1_66' title='bbox 1070 1373 1277 1438; x_wconf 91' lang='lat' dir='ltr'><strong>Filius</strong></span> <span class='ocrx_word' id='word_1_67' title='bbox 1338 1374 1476 1455; x_wconf 90' lang='lat' dir='ltr'><strong>Dei,</strong></span> <span class='ocrx_word' id='word_1_68' title='bbox 1540 1374 1693 1438; x_wconf 91' lang='lat' dir='ltr'><strong>licet</strong></span> <span class='ocrx_word' id='word_1_69' title='bbox 1740 1375 1790 1438; x_wconf 92' lang='lat' dir='ltr'><strong>ii</strong></span> <span class='ocrx_word' id='word_1_70' title='bbox 1836 1376 1946 1458; x_wconf 90' lang='lat' dir='ltr'><strong>qui</strong></span> <span class='ocrx_word' id='word_1_71' title='bbox 1991 1394 2142 1438; x_wconf 89' lang='lat' dir='ltr'><strong>eum</strong></span> <span class='ocrx_word' id='word_1_72' title='bbox 2201 1377 2570 1457; x_wconf 88' lang='lat' dir='ltr'><strong>genuerunt</strong></span> <span class='ocrx_word' id='word_1_73' title='bbox 2631 1371 2878 1438; x_wconf 89' lang='lat' dir='ltr'><strong>diversi</strong></span> <span class='ocrx_word' id='word_1_74' title='bbox 2923 1373 3048 1436; x_wconf 90' lang='lat' dir='ltr'><strong>sint</strong></span> 
     </span>
     <span class='ocr_line' id='line_1_10' title="bbox 705 1474 3050 1560; baseline -0.001 -20"><span class='ocrx_word' id='word_1_75' title='bbox 705 1479 967 1558; x_wconf 89' lang='lat' dir='ltr'><strong>natura,</strong></span> <span class='ocrx_word' id='word_1_76' title='bbox 1028 1495 1223 1542; x_wconf 85' lang='lat' dir='ltr'><strong>serva</strong></span> <span class='ocrx_word' id='word_1_77' title='bbox 1284 1477 1349 1540; x_wconf 89' lang='lat' dir='ltr'><strong>ei</strong></span> <span class='ocrx_word' id='word_1_78' title='bbox 1410 1475 1578 1560; x_wconf 91' lang='lat' dir='ltr'><strong>quod</strong></span> <span class='ocrx_word' id='word_1_79' title='bbox 1639 1481 2042 1560; x_wconf 86' lang='lat' dir='ltr'><strong>agnoscatur</strong></span> <span class='ocrx_word' id='word_1_80' title='bbox 2101 1482 2168 1540; x_wconf 86' lang='lat' dir='ltr'><strong>et</strong></span> <span class='ocrx_word' id='word_1_81' title='bbox 2229 1479 2314 1540; x_wconf 92' lang='lat' dir='ltr'><strong>sit</strong></span> <span class='ocrx_word' id='word_1_82' title='bbox 2373 1474 3050 1560; x_wconf 87' lang='lat' dir='ltr'><strong>incomprehensibilis</strong></span> 
     </span>
     <span class='ocr_line' id='line_1_11' title="bbox 706 1575 3048 1662; baseline -0 -19"><span class='ocrx_word' id='word_1_83' title='bbox 706 1577 917 1662; x_wconf 90' lang='lat' dir='ltr'><strong>quoad</strong></span> <span class='ocrx_word' id='word_1_84' title='bbox 960 1583 1303 1662; x_wconf 89' lang='lat' dir='ltr'><strong>utramque</strong></span> <span class='ocrx_word' id='word_1_85' title='bbox 1348 1581 1785 1660; x_wconf 85' lang='lat' dir='ltr'><strong>nativitatem,</strong></span> <span class='ocrx_word' id='word_1_86' title='bbox 1833 1582 1900 1642; x_wconf 93' lang='lat' dir='ltr'><strong>et</strong></span> <span class='ocrx_word' id='word_1_87' title='bbox 1945 1580 2258 1642; x_wconf 81' lang='lat' dir='ltr'><strong>scientiae</strong></span> <span class='ocrx_word' id='word_1_88' title='bbox 2305 1575 2458 1642; x_wconf 87' lang='lat' dir='ltr'><strong>fidei</strong></span> <span class='ocrx_word' id='word_1_89' title='bbox 2489 1579 2710 1642; x_wconf 91' lang='lat' dir='ltr'><strong>omnia</strong></span> <span class='ocrx_word' id='word_1_90' title='bbox 2757 1596 2920 1660; x_wconf 88' lang='lat' dir='ltr'><strong>quae</strong></span> <span class='ocrx_word' id='word_1_91' title='bbox 2967 1575 3048 1642; x_wconf 88' lang='lat' dir='ltr'><strong>ad</strong></span> 
     </span>
     <span class='ocr_line' id='line_1_12' title="bbox 706 1678 2368 1765; baseline 0.001 -22"><span class='ocrx_word' id='word_1_92' title='bbox 706 1679 1257 1764; x_wconf 87' lang='lat' dir='ltr'><strong>dispensationem</strong></span> <span class='ocrx_word' id='word_1_93' title='bbox 1303 1683 1376 1744; x_wconf 92' lang='lat' dir='ltr'><strong>in</strong></span> <span class='ocrx_word' id='word_1_94' title='bbox 1420 1699 1621 1744; x_wconf 85' lang='lat' dir='ltr'><strong>carne</strong></span> <span class='ocrx_word' id='word_1_95' title='bbox 1654 1683 2004 1765; x_wconf 89' lang='lat' dir='ltr'><strong>pertinent,</strong></span> <span class='ocrx_word' id='word_1_96' title='bbox 2053 1678 2368 1764; x_wconf 88' lang='lat' dir='ltr'><strong>relinque.</strong></span> 
     </span>
    </p>
   </div>
   <div class='ocr_carea' id='block_1_3' title="bbox 1372 1891 2398 1965">
    <p class='ocr_par' dir='ltr' id='par_1_3' title="bbox 1372 1891 2398 1965">
     <span class='ocr_line' id='line_1_13' title="bbox 1372 1891 2398 1965; baseline 0.001 -9"><span class='ocrx_word' id='word_1_97' title='bbox 1372 1891 1733 1965; x_wconf 77' lang='lat' dir='ltr'><strong>Qnm&#39;rtm:</strong></span> <span class='ocrx_word' id='word_1_98' title='bbox 1781 1892 2174 1960; x_wconf 77' lang='lat' dir='ltr'>SENTENTIA</span> <span class='ocrx_word' id='word_1_99' title='bbox 2220 1911 2398 1957; x_wconf 80' lang='lat' dir='ltr'><strong>ALIA.</strong></span> 
     </span>
    </p>
   </div>
   <div class='ocr_carea' id='block_1_4' title="bbox 695 2087 3050 3293">
    <p class='ocr_par' dir='ltr' id='par_1_4' title="bbox 695 2087 3050 3293">
     <span class='ocr_line' id='line_1_14' title="bbox 792 2087 3050 2173; baseline -0.003 -15"><span class='ocrx_word' id='word_1_100' title='bbox 792 2087 1125 2160; x_wconf 91' lang='lat' dir='ltr'><strong>Quomodo</strong></span> <span class='ocrx_word' id='word_1_101' title='bbox 1172 2090 1342 2154; x_wconf 90' lang='lat' dir='ltr'><strong>Deus</strong></span> <span class='ocrx_word' id='word_1_102' title='bbox 1386 2087 1601 2153; x_wconf 83' lang='lat' dir='ltr'><strong>factus</strong></span> <span class='ocrx_word' id='word_1_103' title='bbox 1645 2093 1746 2153; x_wconf 89' lang='lat' dir='ltr'><strong>est</strong></span> <span class='ocrx_word' id='word_1_104' title='bbox 1791 2089 1986 2155; x_wconf 90' lang='lat' dir='ltr'><strong>homo</strong></span> <span class='ocrx_word' id='word_1_105' title='bbox 2033 2089 2274 2173; x_wconf 86' lang='lat' dir='ltr'><strong>absque</strong></span> <span class='ocrx_word' id='word_1_106' title='bbox 2338 2091 2714 2172; x_wconf 90' lang='lat' dir='ltr'><strong>mutatione,</strong></span> <span class='ocrx_word' id='word_1_107' title='bbox 2771 2094 2838 2153; x_wconf 89' lang='lat' dir='ltr'><strong>et</strong></span> <span class='ocrx_word' id='word_1_108' title='bbox 2885 2089 3050 2153; x_wconf 90' lang='lat' dir='ltr'><strong>Ver-</strong></span> 
     </span>
     <span class='ocr_line' id='line_1_15' title="bbox 701 2190 3046 2276; baseline -0 -21"><span class='ocrx_word' id='word_1_109' title='bbox 701 2192 855 2256; x_wconf 89' lang='lat' dir='ltr'><strong>bum</strong></span> <span class='ocrx_word' id='word_1_110' title='bbox 900 2211 1059 2258; x_wconf 89' lang='lat' dir='ltr'><strong>caro</strong></span> <span class='ocrx_word' id='word_1_111' title='bbox 1121 2195 1273 2276; x_wconf 89' lang='lat' dir='ltr'><strong>quin</strong></span> <span class='ocrx_word' id='word_1_112' title='bbox 1334 2195 1399 2255; x_wconf 92' lang='lat' dir='ltr'><strong>in</strong></span> <span class='ocrx_word' id='word_1_113' title='bbox 1447 2211 1714 2257; x_wconf 87' lang='lat' dir='ltr'><strong>carnem</strong></span> <span class='ocrx_word' id='word_1_114' title='bbox 1775 2211 2166 2258; x_wconf 89' lang='lat' dir='ltr'><strong>conversum</strong></span> <span class='ocrx_word' id='word_1_115' title='bbox 2228 2190 2478 2256; x_wconf 65' lang='lat' dir='ltr'><strong>fuerit?</strong></span> <span class='ocrx_word' id='word_1_116' title='bbox 2539 2193 2933 2276; x_wconf 84' lang='lat' dir='ltr'><strong>interrogat,</strong></span> <span class='ocrx_word' id='word_1_117' title='bbox 2977 2196 3046 2254; x_wconf 89' lang='lat' dir='ltr'><strong>ut</strong></span> 
     </span>
     <span class='ocr_line' id='line_1_16' title="bbox 702 2291 3047 2378; baseline 0 -21"><span class='ocrx_word' id='word_1_118' title='bbox 702 2293 929 2376; x_wconf 90' lang='lat' dir='ltr'><strong>discat,</strong></span> <span class='ocrx_word' id='word_1_119' title='bbox 977 2297 1088 2378; x_wconf 92' lang='lat' dir='ltr'><strong>qui</strong></span> <span class='ocrx_word' id='word_1_120' title='bbox 1132 2293 1527 2359; x_wconf 89' lang='lat' dir='ltr'><strong>christianus</strong></span> <span class='ocrx_word' id='word_1_121' title='bbox 1571 2292 1720 2359; x_wconf 88' lang='lat' dir='ltr'><strong>fieri</strong></span> <span class='ocrx_word' id='word_1_122' title='bbox 1765 2313 1888 2359; x_wconf 90' lang='lat' dir='ltr'><strong>non</strong></span> <span class='ocrx_word' id='word_1_123' title='bbox 1936 2297 2132 2377; x_wconf 89' lang='lat' dir='ltr'><strong>cupit.</strong></span> <span class='ocrx_word' id='word_1_124' title='bbox 2179 2293 2306 2358; x_wconf 93' lang='lat' dir='ltr'><strong>Cui</strong></span> <span class='ocrx_word' id='word_1_125' title='bbox 2345 2291 2587 2358; x_wconf 73' lang='lat' dir='ltr'><strong>*etiam</strong></span> <span class='ocrx_word' id='word_1_126' title='bbox 2633 2313 2750 2358; x_wconf 90' lang='lat' dir='ltr'><strong>nos</strong></span> <span class='ocrx_word' id='word_1_127' title='bbox 2788 2313 3047 2378; x_wconf 87' lang='lat' dir='ltr'><strong>respon-</strong></span> 
     </span>
     <span class='ocr_line' id='line_1_17' title="bbox 702 2394 3043 2480; baseline 0 -20"><span class='ocrx_word' id='word_1_128' title='bbox 702 2395 857 2460; x_wconf 88' lang='lat' dir='ltr'><strong>dere</strong></span> <span class='ocrx_word' id='word_1_129' title='bbox 905 2395 1123 2460; x_wconf 92' lang='lat' dir='ltr'><strong>decet:</strong></span> <span class='ocrx_word' id='word_1_130' title='bbox 1172 2394 1726 2468; x_wconf 90' lang='lat' dir='ltr'><strong>Quemadmodum</strong></span> <span class='ocrx_word' id='word_1_131' title='bbox 1774 2399 2034 2461; x_wconf 83' lang='lat' dir='ltr'><strong>exsistit</strong></span> <span class='ocrx_word' id='word_1_132' title='bbox 2077 2401 2426 2480; x_wconf 90' lang='lat' dir='ltr'><strong>antequam</strong></span> <span class='ocrx_word' id='word_1_133' title='bbox 2457 2394 2664 2480; x_wconf 88' lang='lat' dir='ltr'><strong>fieret,</strong></span> <span class='ocrx_word' id='word_1_134' title='bbox 2693 2399 2783 2460; x_wconf 87' lang='lat' dir='ltr'><strong>ita</strong></span> <span class='ocrx_word' id='word_1_135' title='bbox 2811 2401 3043 2461; x_wconf 89' lang='lat' dir='ltr'><strong>etcum</strong></span> 
     </span>
     <span class='ocr_line' id='line_1_18' title="bbox 700 2497 3047 2583; baseline -0.001 -20"><span class='ocrx_word' id='word_1_136' title='bbox 700 2497 913 2563; x_wconf 87' lang='lat' dir='ltr'><strong>factus</strong></span> <span class='ocrx_word' id='word_1_137' title='bbox 958 2503 1075 2580; x_wconf 89' lang='lat' dir='ltr'><strong>est,</strong></span> <span class='ocrx_word' id='word_1_138' title='bbox 1104 2518 1225 2563; x_wconf 89' lang='lat' dir='ltr'><strong>non</strong></span> <span class='ocrx_word' id='word_1_139' title='bbox 1273 2504 1371 2564; x_wconf 90' lang='lat' dir='ltr'><strong>est</strong></span> <span class='ocrx_word' id='word_1_140' title='bbox 1416 2503 1720 2563; x_wconf 89' lang='lat' dir='ltr'><strong>mutatus.</strong></span> <span class='ocrx_word' id='word_1_141' title='bbox 1748 2498 2024 2582; x_wconf 89' lang='lat' dir='ltr'><strong>Etenim,</strong></span> <span class='ocrx_word' id='word_1_142' title='bbox 2059 2497 2600 2583; x_wconf 88' lang='lat' dir='ltr'><strong>quemadmodum</strong></span> <span class='ocrx_word' id='word_1_143' title='bbox 2633 2498 2845 2581; x_wconf 91' lang='lat' dir='ltr'><strong>quoad</strong></span> <span class='ocrx_word' id='word_1_144' title='bbox 2877 2501 3047 2562; x_wconf 90' lang='lat' dir='ltr'><strong>exsi-</strong></span> 
     </span>
     <span class='ocr_line' id='line_1_19' title="bbox 700 2599 3046 2681; baseline -0 -19"><span class='ocrx_word' id='word_1_145' title='bbox 700 2601 1003 2663; x_wconf 89' lang='lat' dir='ltr'><strong>stentiam</strong></span> <span class='ocrx_word' id='word_1_146' title='bbox 1048 2599 1269 2664; x_wconf 88' lang='lat' dir='ltr'><strong>Patris</strong></span> <span class='ocrx_word' id='word_1_147' title='bbox 1313 2599 1588 2663; x_wconf 81' lang='lat' dir='ltr'><strong>dicimus</strong></span> <span class='ocrx_word' id='word_1_148' title='bbox 1632 2603 1886 2664; x_wconf 89' lang='lat' dir='ltr'><strong>tantum</strong></span> <span class='ocrx_word' id='word_1_149' title='bbox 1932 2620 2082 2663; x_wconf 88' lang='lat' dir='ltr'><strong>eum</strong></span> <span class='ocrx_word' id='word_1_150' title='bbox 2113 2601 2433 2663; x_wconf 82' lang='lat' dir='ltr'><strong>exsistere</strong></span> <span class='ocrx_word' id='word_1_151' title='bbox 2473 2601 2624 2681; x_wconf 89' lang='lat' dir='ltr'><strong>quia</strong></span> <span class='ocrx_word' id='word_1_152' title='bbox 2657 2601 2934 2680; x_wconf 88' lang='lat' dir='ltr'><strong>exsistit,</strong></span> <span class='ocrx_word' id='word_1_153' title='bbox 2982 2602 3046 2662; x_wconf 92' lang='lat' dir='ltr'><strong>et</strong></span> 
     </span>
     <span class='ocr_line' id='line_1_20' title="bbox 700 2699 3046 2784; baseline -0.001 -18"><span class='ocrx_word' id='word_1_154' title='bbox 700 2700 910 2784; x_wconf 89' lang='lat' dir='ltr'><strong>quoad</strong></span> <span class='ocrx_word' id='word_1_155' title='bbox 956 2703 1369 2766; x_wconf 86' lang='lat' dir='ltr'><strong>nativitatem</strong></span> <span class='ocrx_word' id='word_1_156' title='bbox 1428 2700 1580 2764; x_wconf 90' lang='lat' dir='ltr'><strong>Filii</strong></span> <span class='ocrx_word' id='word_1_157' title='bbox 1641 2721 1790 2766; x_wconf 88' lang='lat' dir='ltr'><strong>eum</strong></span> <span class='ocrx_word' id='word_1_158' title='bbox 1851 2704 2170 2766; x_wconf 88' lang='lat' dir='ltr'><strong>exsistere</strong></span> <span class='ocrx_word' id='word_1_159' title='bbox 2217 2703 2368 2784; x_wconf 90' lang='lat' dir='ltr'><strong>quia</strong></span> <span class='ocrx_word' id='word_1_160' title='bbox 2402 2703 2682 2784; x_wconf 81' lang='lat' dir='ltr'><strong>genituS,</strong></span> <span class='ocrx_word' id='word_1_161' title='bbox 2731 2721 2850 2764; x_wconf 88' lang='lat' dir='ltr'><strong>nec</strong></span> <span class='ocrx_word' id='word_1_162' title='bbox 2897 2699 3046 2784; x_wconf 92' lang='lat' dir='ltr'><strong>quid</strong></span> 
     </span>
     <span class='ocr_line' id='line_1_21' title="bbox 700 2801 3042 2888; baseline -0.001 -21"><span class='ocrx_word' id='word_1_163' title='bbox 700 2803 976 2888; x_wconf 89' lang='lat' dir='ltr'><strong>amplius</strong></span> <span class='ocrx_word' id='word_1_164' title='bbox 1021 2802 1240 2868; x_wconf 87' lang='lat' dir='ltr'><strong>dicere</strong></span> <span class='ocrx_word' id='word_1_165' title='bbox 1286 2803 1473 2880; x_wconf 88' lang='lat' dir='ltr'><strong>licet;</strong></span> <span class='ocrx_word' id='word_1_166' title='bbox 1524 2807 1617 2868; x_wconf 89' lang='lat' dir='ltr'><strong>ita</strong></span> <span class='ocrx_word' id='word_1_167' title='bbox 1664 2807 1865 2869; x_wconf 92' lang='lat' dir='ltr'><strong>etiam</strong></span> <span class='ocrx_word' id='word_1_168' title='bbox 1912 2803 1994 2868; x_wconf 90' lang='lat' dir='ltr'><strong>ad</strong></span> <span class='ocrx_word' id='word_1_169' title='bbox 2039 2803 2108 2867; x_wconf 92' lang='lat' dir='ltr'><strong>id</strong></span> <span class='ocrx_word' id='word_1_170' title='bbox 2155 2802 2322 2887; x_wconf 93' lang='lat' dir='ltr'><strong>quod</strong></span> <span class='ocrx_word' id='word_1_171' title='bbox 2367 2801 2582 2867; x_wconf 87' lang='lat' dir='ltr'><strong>factus</strong></span> <span class='ocrx_word' id='word_1_172' title='bbox 2628 2807 2726 2866; x_wconf 91' lang='lat' dir='ltr'><strong>est</strong></span> <span class='ocrx_word' id='word_1_173' title='bbox 2759 2807 2823 2866; x_wconf 90' lang='lat' dir='ltr'><strong>et</strong></span> <span class='ocrx_word' id='word_1_174' title='bbox 2857 2808 3042 2866; x_wconf 91' lang='lat' dir='ltr'><strong>natus</strong></span> 
     </span>
     <span class='ocr_line' id='line_1_22' title="bbox 698 2907 3042 2990; baseline -0.001 -19"><span class='ocrx_word' id='word_1_175' title='bbox 698 2911 797 2971; x_wconf 90' lang='lat' dir='ltr'><strong>est</strong></span> <span class='ocrx_word' id='word_1_176' title='bbox 843 2907 1049 2970; x_wconf 89' lang='lat' dir='ltr'><strong>Filius</strong></span> <span class='ocrx_word' id='word_1_177' title='bbox 1094 2909 1158 2969; x_wconf 93' lang='lat' dir='ltr'><strong>in</strong></span> <span class='ocrx_word' id='word_1_178' title='bbox 1206 2926 1426 2989; x_wconf 89' lang='lat' dir='ltr'><strong>carne,</strong></span> <span class='ocrx_word' id='word_1_179' title='bbox 1475 2927 1511 2971; x_wconf 91' lang='lat' dir='ltr'><strong>e</strong></span> <span class='ocrx_word' id='word_1_180' title='bbox 1558 2907 1756 2972; x_wconf 89' lang='lat' dir='ltr'><strong>rebus</strong></span> <span class='ocrx_word' id='word_1_181' title='bbox 1815 2907 2119 2971; x_wconf 89' lang='lat' dir='ltr'><strong>humanis</strong></span> <span class='ocrx_word' id='word_1_182' title='bbox 2179 2907 2549 2990; x_wconf 92' lang='lat' dir='ltr'><strong>exemplum</strong></span> <span class='ocrx_word' id='word_1_183' title='bbox 2612 2926 2870 2971; x_wconf 90' lang='lat' dir='ltr'><strong>sumere</strong></span> <span class='ocrx_word' id='word_1_184' title='bbox 2919 2925 3042 2970; x_wconf 91' lang='lat' dir='ltr'><strong>non</strong></span> 
     </span>
     <span class='ocr_line' id='line_1_23' title="bbox 698 3007 3042 3093; baseline -0 -21"><span class='ocrx_word' id='word_1_185' title='bbox 698 3007 916 3084; x_wconf 87' lang='lat' dir='ltr'><strong>decet;</strong></span> <span class='ocrx_word' id='word_1_186' title='bbox 968 3007 1081 3072; x_wconf 91' lang='lat' dir='ltr'><strong>sed</strong></span> <span class='ocrx_word' id='word_1_187' title='bbox 1126 3007 1292 3072; x_wconf 88' lang='lat' dir='ltr'><strong>haec</strong></span> <span class='ocrx_word' id='word_1_188' title='bbox 1338 3029 1465 3091; x_wconf 79' lang='lat' dir='ltr'><strong>reS,</strong></span> <span class='ocrx_word' id='word_1_189' title='bbox 1514 3012 1665 3093; x_wconf 92' lang='lat' dir='ltr'><strong>quia</strong></span> <span class='ocrx_word' id='word_1_190' title='bbox 1716 3013 1906 3074; x_wconf 89' lang='lat' dir='ltr'><strong>unica</strong></span> <span class='ocrx_word' id='word_1_191' title='bbox 1953 3015 2069 3091; x_wconf 90' lang='lat' dir='ltr'><strong>est,</strong></span> <span class='ocrx_word' id='word_1_192' title='bbox 2119 3009 2312 3073; x_wconf 92' lang='lat' dir='ltr'><strong>debet</strong></span> <span class='ocrx_word' id='word_1_193' title='bbox 2343 3029 2485 3073; x_wconf 90' lang='lat' dir='ltr'><strong>esse</strong></span> <span class='ocrx_word' id='word_1_194' title='bbox 2519 3009 2644 3072; x_wconf 89' lang='lat' dir='ltr'><strong>sibi</strong></span> <span class='ocrx_word' id='word_1_195' title='bbox 2675 3007 3042 3092; x_wconf 92' lang='lat' dir='ltr'><strong>exemplum</strong></span> 
     </span>
     <span class='ocr_line' id='line_1_24' title="bbox 698 3109 3040 3192; baseline 0 -21"><span class='ocrx_word' id='word_1_196' title='bbox 698 3114 763 3172; x_wconf 92' lang='lat' dir='ltr'><strong>et</strong></span> <span class='ocrx_word' id='word_1_197' title='bbox 808 3111 902 3172; x_wconf 87' lang='lat' dir='ltr'><strong>ita</strong></span> <span class='ocrx_word' id='word_1_198' title='bbox 947 3109 1273 3192; x_wconf 86' lang='lat' dir='ltr'><strong>intellegi:</strong></span> <span class='ocrx_word' id='word_1_199' title='bbox 1322 3109 1878 3181; x_wconf 89' lang='lat' dir='ltr'><strong>Quemadmodum</strong></span> <span class='ocrx_word' id='word_1_200' title='bbox 1909 3109 2150 3174; x_wconf 90' lang='lat' dir='ltr'><strong>dicitur</strong></span> <span class='ocrx_word' id='word_1_201' title='bbox 2195 3129 2337 3174; x_wconf 91' lang='lat' dir='ltr'><strong>esse</strong></span> <span class='ocrx_word' id='word_1_202' title='bbox 2369 3109 2756 3174; x_wconf 86' lang='lat' dir='ltr'><strong>Creatorem</strong></span> <span class='ocrx_word' id='word_1_203' title='bbox 2803 3114 2869 3172; x_wconf 89' lang='lat' dir='ltr'><strong>et</strong></span> <span class='ocrx_word' id='word_1_204' title='bbox 2900 3127 3040 3172; x_wconf 91' lang='lat' dir='ltr'><strong>esse</strong></span> 
     </span>
     <span class='ocr_line' id='line_1_25' title="bbox 695 3210 3038 3293; baseline 0 -20"><span class='ocrx_word' id='word_1_205' title='bbox 695 3217 1055 3293; x_wconf 86' lang='lat' dir='ltr'><strong>creaturas,</strong></span> <span class='ocrx_word' id='word_1_206' title='bbox 1105 3231 1227 3276; x_wconf 90' lang='lat' dir='ltr'><strong>non</strong></span> <span class='ocrx_word' id='word_1_207' title='bbox 1275 3217 1491 3276; x_wconf 90' lang='lat' dir='ltr'><strong>tamen</strong></span> <span class='ocrx_word' id='word_1_208' title='bbox 1542 3211 1769 3277; x_wconf 92' lang='lat' dir='ltr'><strong>eodem</strong></span> <span class='ocrx_word' id='word_1_209' title='bbox 1802 3210 1993 3276; x_wconf 93' lang='lat' dir='ltr'><strong>modo</strong></span> <span class='ocrx_word' id='word_1_210' title='bbox 2018 3216 2386 3276; x_wconf 89' lang='lat' dir='ltr'><strong>creatorem</strong></span> <span class='ocrx_word' id='word_1_211' title='bbox 2411 3217 2477 3275; x_wconf 92' lang='lat' dir='ltr'><strong>et</strong></span> <span class='ocrx_word' id='word_1_212' title='bbox 2501 3215 2861 3293; x_wconf 80' lang='lat' dir='ltr'><strong>creaturaS,</strong></span> <span class='ocrx_word' id='word_1_213' title='bbox 2889 3229 3038 3275; x_wconf 89' lang='lat' dir='ltr'><strong>nam</strong></span> 
     </span>
    </p>
   </div>
   <div class='ocr_carea' id='block_1_5' title="bbox 606 3311 3030 3397">
    <p class='ocr_par' dir='ltr' id='par_1_5' title="bbox 606 3311 3030 3397">
     <span class='ocr_line' id='line_1_26' title="bbox 606 3311 3030 3397; baseline 0.001 -23"><span class='ocrx_word' id='word_1_214' title='bbox 606 3351 617 3362; x_wconf 85' lang='lat'><strong>·</strong></span> <span class='ocrx_word' id='word_1_215' title='bbox 694 3314 831 3396; x_wconf 89' lang='lat' dir='ltr'><strong>ipse</strong></span> <span class='ocrx_word' id='word_1_216' title='bbox 878 3315 1135 3377; x_wconf 90' lang='lat' dir='ltr'><strong>exsistit</strong></span> <span class='ocrx_word' id='word_1_217' title='bbox 1180 3314 1527 3395; x_wconf 83' lang='lat' dir='ltr'><strong>increatuS,</strong></span> <span class='ocrx_word' id='word_1_218' title='bbox 1576 3313 1732 3376; x_wconf 91' lang='lat' dir='ltr'><strong>illae</strong></span> <span class='ocrx_word' id='word_1_219' title='bbox 1777 3332 1939 3377; x_wconf 89' lang='lat' dir='ltr'><strong>vero</strong></span> <span class='ocrx_word' id='word_1_220' title='bbox 1971 3315 2122 3396; x_wconf 91' lang='lat' dir='ltr'><strong>quia</strong></span> <span class='ocrx_word' id='word_1_221' title='bbox 2145 3311 2360 3378; x_wconf 83' lang='lat' dir='ltr'><strong>factae</strong></span> <span class='ocrx_word' id='word_1_222' title='bbox 2391 3317 2569 3388; x_wconf 85' lang='lat' dir='ltr'><strong>sunt;</strong></span> <span class='ocrx_word' id='word_1_223' title='bbox 2607 3318 2690 3395; x_wconf 91' lang='lat' dir='ltr'><strong>et,</strong></span> <span class='ocrx_word' id='word_1_224' title='bbox 2716 3333 2864 3376; x_wconf 88' lang='lat' dir='ltr'><strong>cum</strong></span> <span class='ocrx_word' id='word_1_225' title='bbox 2895 3315 3030 3397; x_wconf 88' lang='lat' dir='ltr'><strong>ipse</strong></span> 
     </span>
    </p>
   </div>
   <div class='ocr_carea' id='block_1_6' title="bbox 686 3413 3040 4606">
    <p class='ocr_par' dir='ltr' id='par_1_6' title="bbox 686 3413 3040 4606">
     <span class='ocr_line' id='line_1_27' title="bbox 694 3413 3040 3498; baseline 0 -19"><span class='ocrx_word' id='word_1_226' title='bbox 694 3419 759 3479; x_wconf 90' lang='lat' dir='ltr'><strong>et</strong></span> <span class='ocrx_word' id='word_1_227' title='bbox 804 3421 1150 3480; x_wconf 87' lang='lat' dir='ltr'><strong>creaturae</strong></span> <span class='ocrx_word' id='word_1_228' title='bbox 1199 3415 1503 3479; x_wconf 89' lang='lat' dir='ltr'><strong>dicuntur</strong></span> <span class='ocrx_word' id='word_1_229' title='bbox 1548 3436 1587 3478; x_wconf 70' lang='lat'><strong>⁴&lt;</strong></span> <span class='ocrx_word' id='word_1_230' title='bbox 1615 3435 1758 3480; x_wconf 91' lang='lat' dir='ltr'><strong>esse</strong></span> <span class='ocrx_word' id='word_1_231' title='bbox 1791 3435 1851 3498; x_wconf 83' lang='lat'><strong>›,</strong></span> <span class='ocrx_word' id='word_1_232' title='bbox 1901 3413 2118 3480; x_wconf 89' lang='lat' dir='ltr'><strong>differt</strong></span> <span class='ocrx_word' id='word_1_233' title='bbox 2163 3419 2230 3479; x_wconf 91' lang='lat' dir='ltr'><strong>in</strong></span> <span class='ocrx_word' id='word_1_234' title='bbox 2277 3420 2552 3498; x_wconf 91' lang='lat' dir='ltr'><strong>utroque</strong></span> <span class='ocrx_word' id='word_1_235' title='bbox 2601 3434 2758 3479; x_wconf 90' lang='lat' dir='ltr'><strong>casu</strong></span> <span class='ocrx_word' id='word_1_236' title='bbox 2813 3435 3040 3480; x_wconf 89' lang='lat' dir='ltr'><strong>sensus</strong></span> 
     </span>
     <span class='ocr_line' id='line_1_28' title="bbox 690 3517 3040 3602; baseline 0.001 -22"><span class='ocrx_word' id='word_1_237' title='bbox 690 3518 1064 3601; x_wconf 87' lang='lat' dir='ltr'><strong>verborum,</strong></span> <span class='ocrx_word' id='word_1_238' title='bbox 1112 3517 1427 3602; x_wconf 88' lang='lat' dir='ltr'><strong>siquidem</strong></span> <span class='ocrx_word' id='word_1_239' title='bbox 1473 3521 1611 3602; x_wconf 90' lang='lat' dir='ltr'><strong>ipse</strong></span> <span class='ocrx_word' id='word_1_240' title='bbox 1656 3517 1952 3582; x_wconf 90' lang='lat' dir='ltr'><strong>creditur</strong></span> <span class='ocrx_word' id='word_1_241' title='bbox 1996 3537 2138 3582; x_wconf 86' lang='lat' dir='ltr'><strong>esse</strong></span> <span class='ocrx_word' id='word_1_242' title='bbox 2185 3521 2336 3602; x_wconf 88' lang='lat' dir='ltr'><strong>quia</strong></span> <span class='ocrx_word' id='word_1_243' title='bbox 2383 3521 2500 3599; x_wconf 87' lang='lat' dir='ltr'><strong>est,</strong></span> <span class='ocrx_word' id='word_1_244' title='bbox 2550 3517 2664 3582; x_wconf 87' lang='lat' dir='ltr'><strong>sed</strong></span> <span class='ocrx_word' id='word_1_245' title='bbox 2695 3524 3040 3582; x_wconf 88' lang='lat' dir='ltr'><strong>creaturae</strong></span> 
     </span>
     <span class='ocr_line' id='line_1_29' title="bbox 691 3617 3036 3704; baseline -0 -21"><span class='ocrx_word' id='word_1_246' title='bbox 691 3619 994 3684; x_wconf 90' lang='lat' dir='ltr'><strong>dicuntur</strong></span> <span class='ocrx_word' id='word_1_247' title='bbox 1038 3641 1179 3685; x_wconf 88' lang='lat' dir='ltr'><strong>esse</strong></span> <span class='ocrx_word' id='word_1_248' title='bbox 1228 3623 1377 3704; x_wconf 91' lang='lat' dir='ltr'><strong>quia</strong></span> <span class='ocrx_word' id='word_1_249' title='bbox 1408 3617 1623 3684; x_wconf 86' lang='lat' dir='ltr'><strong>factae</strong></span> <span class='ocrx_word' id='word_1_250' title='bbox 1669 3625 1855 3696; x_wconf 85' lang='lat' dir='ltr'><strong>sunt;</strong></span> <span class='ocrx_word' id='word_1_251' title='bbox 1902 3623 1995 3684; x_wconf 91' lang='lat' dir='ltr'><strong>ita</strong></span> <span class='ocrx_word' id='word_1_252' title='bbox 2027 3619 2106 3684; x_wconf 92' lang='lat' dir='ltr'><strong>de</strong></span> <span class='ocrx_word' id='word_1_253' title='bbox 2132 3640 2292 3685; x_wconf 90' lang='lat' dir='ltr'><strong>voce</strong></span> <span class='ocrx_word' id='word_1_254' title='bbox 2323 3641 2360 3683; x_wconf 82' lang='lat'><strong>«</strong></span> <span class='ocrx_word' id='word_1_255' title='bbox 2393 3618 2539 3684; x_wconf 89' lang='lat' dir='ltr'><strong>fieri</strong></span> <span class='ocrx_word' id='word_1_256' title='bbox 2572 3640 2608 3684; x_wconf 81' lang='lat'><strong>»</strong></span> <span class='ocrx_word' id='word_1_257' title='bbox 2660 3619 2831 3703; x_wconf 86' lang='lat' dir='ltr'><strong>apud</strong></span> <span class='ocrx_word' id='word_1_258' title='bbox 2855 3619 3036 3683; x_wconf 91' lang='lat' dir='ltr'><strong>illum</strong></span> 
     </span>
     <span class='ocr_line' id='line_1_30' title="bbox 691 3721 3040 3806; baseline 0 -21"><span class='ocrx_word' id='word_1_259' title='bbox 691 3726 757 3785; x_wconf 92' lang='lat' dir='ltr'><strong>et</strong></span> <span class='ocrx_word' id='word_1_260' title='bbox 801 3728 1144 3787; x_wconf 83' lang='lat' dir='ltr'><strong>creaturas</strong></span> <span class='ocrx_word' id='word_1_261' title='bbox 1189 3721 1593 3787; x_wconf 87' lang='lat' dir='ltr'><strong>sentiendum</strong></span> <span class='ocrx_word' id='word_1_262' title='bbox 1639 3727 1755 3786; x_wconf 92' lang='lat' dir='ltr'><strong>est.</strong></span> <span class='ocrx_word' id='word_1_263' title='bbox 1784 3723 2058 3804; x_wconf 89' lang='lat' dir='ltr'><strong>Etenim,</strong></span> <span class='ocrx_word' id='word_1_264' title='bbox 2094 3721 2632 3806; x_wconf 90' lang='lat' dir='ltr'><strong>quemadmodum</strong></span> <span class='ocrx_word' id='word_1_265' title='bbox 2655 3723 2766 3787; x_wconf 91' lang='lat' dir='ltr'><strong>ille</strong></span> <span class='ocrx_word' id='word_1_266' title='bbox 2800 3723 3040 3787; x_wconf 89' lang='lat' dir='ltr'><strong>dicitur</strong></span> 
     </span>
     <span class='ocr_line' id='line_1_31' title="bbox 692 3827 3033 3909; baseline 0.001 -23"><span class='ocrx_word' id='word_1_267' title='bbox 692 3827 1033 3906; x_wconf 89' lang='lat' dir='ltr'><strong>exsistere,</strong></span> <span class='ocrx_word' id='word_1_268' title='bbox 1060 3830 1126 3888; x_wconf 91' lang='lat' dir='ltr'><strong>et</strong></span> <span class='ocrx_word' id='word_1_269' title='bbox 1176 3845 1212 3887; x_wconf 83' lang='lat'><strong>‹&lt;</strong></span> <span class='ocrx_word' id='word_1_270' title='bbox 1246 3845 1387 3888; x_wconf 88' lang='lat' dir='ltr'><strong>esse</strong></span> <span class='ocrx_word' id='word_1_271' title='bbox 1421 3845 1457 3888; x_wconf 87' lang='lat'><strong>&gt;›</strong></span> <span class='ocrx_word' id='word_1_272' title='bbox 1509 3827 1649 3888; x_wconf 92' lang='lat' dir='ltr'><strong>eius</strong></span> <span class='ocrx_word' id='word_1_273' title='bbox 1694 3845 1824 3889; x_wconf 88' lang='lat' dir='ltr'><strong>nou</strong></span> <span class='ocrx_word' id='word_1_274' title='bbox 1870 3830 2292 3909; x_wconf 90' lang='lat' dir='ltr'><strong>comparatur</strong></span> <span class='ocrx_word' id='word_1_275' title='bbox 2336 3845 2482 3889; x_wconf 88' lang='lat' dir='ltr'><strong>cum</strong></span> <span class='ocrx_word' id='word_1_276' title='bbox 2515 3827 2841 3891; x_wconf 88' lang='lat' dir='ltr'><strong>creaturis</strong></span> <span class='ocrx_word' id='word_1_277' title='bbox 2870 3844 3033 3909; x_wconf 92' lang='lat' dir='ltr'><strong>quae</strong></span> 
     </span>
     <span class='ocr_line' id='line_1_32' title="bbox 690 3923 3039 4010; baseline 0 -20"><span class='ocrx_word' id='word_1_278' title='bbox 690 3928 1011 3991; x_wconf 89' lang='lat' dir='ltr'><strong>exsistunt</strong></span> <span class='ocrx_word' id='word_1_279' title='bbox 1058 3929 1207 4010; x_wconf 90' lang='lat' dir='ltr'><strong>quia</strong></span> <span class='ocrx_word' id='word_1_280' title='bbox 1252 3923 1467 3990; x_wconf 83' lang='lat' dir='ltr'><strong>factae</strong></span> <span class='ocrx_word' id='word_1_281' title='bbox 1514 3933 1693 3990; x_wconf 86' lang='lat' dir='ltr'><strong>sunt:</strong></span> <span class='ocrx_word' id='word_1_282' title='bbox 1742 3929 1837 3991; x_wconf 91' lang='lat' dir='ltr'><strong>ita</strong></span> <span class='ocrx_word' id='word_1_283' title='bbox 1884 3932 1950 3991; x_wconf 93' lang='lat' dir='ltr'><strong>et</strong></span> <span class='ocrx_word' id='word_1_284' title='bbox 1999 3947 2036 3989; x_wconf 86' lang='lat'><strong>‹</strong></span> <span class='ocrx_word' id='word_1_285' title='bbox 2069 3924 2217 3990; x_wconf 87' lang='lat' dir='ltr'><strong>fieri</strong></span> <span class='ocrx_word' id='word_1_286' title='bbox 2251 3947 2286 3990; x_wconf 84' lang='lat'><strong>»</strong></span> <span class='ocrx_word' id='word_1_287' title='bbox 2347 3929 2488 3990; x_wconf 92' lang='lat' dir='ltr'><strong>eius</strong></span> <span class='ocrx_word' id='word_1_288' title='bbox 2534 3947 2660 3992; x_wconf 91' lang='lat' dir='ltr'><strong>non</strong></span> <span class='ocrx_word' id='word_1_289' title='bbox 2693 3933 2790 3991; x_wconf 87' lang='lat' dir='ltr'><strong>est</strong></span> <span class='ocrx_word' id='word_1_290' title='bbox 2823 3925 3039 3992; x_wconf 86' lang='lat' dir='ltr'><strong>confe-</strong></span> 
     </span>
     <span class='ocr_line' id='line_1_33' title="bbox 688 4026 3034 4113; baseline 0 -21"><span class='ocrx_word' id='word_1_291' title='bbox 688 4027 961 4092; x_wconf 87' lang='lat' dir='ltr'><strong>rendum</strong></span> <span class='ocrx_word' id='word_1_292' title='bbox 1007 4048 1152 4092; x_wconf 90' lang='lat' dir='ltr'><strong>cum</strong></span> <span class='ocrx_word' id='word_1_293' title='bbox 1204 4048 1240 4091; x_wconf 83' lang='lat'>‹</span> <span class='ocrx_word' id='word_1_294' title='bbox 1272 4026 1419 4092; x_wconf 88' lang='lat' dir='ltr'><strong>fieri</strong></span> <span class='ocrx_word' id='word_1_295' title='bbox 1451 4048 1488 4091; x_wconf 83' lang='lat'>›</span> <span class='ocrx_word' id='word_1_296' title='bbox 1538 4033 2014 4093; x_wconf 85' lang='lat' dir='ltr'><strong>creaturarum.</strong></span> <span class='ocrx_word' id='word_1_297' title='bbox 2063 4028 2428 4093; x_wconf 88' lang='lat' dir='ltr'><strong>Creaturae</strong></span> <span class='ocrx_word' id='word_1_298' title='bbox 2475 4030 2670 4112; x_wconf 87' lang='lat' dir='ltr'><strong>enim,</strong></span> <span class='ocrx_word' id='word_1_299' title='bbox 2717 4035 2791 4092; x_wconf 93' lang='lat' dir='ltr'><strong>ut</strong></span> <span class='ocrx_word' id='word_1_300' title='bbox 2837 4033 3034 4113; x_wconf 89' lang='lat' dir='ltr'><strong>patet,</strong></span> 
     </span>
     <span class='ocr_line' id='line_1_34' title="bbox 688 4129 3035 4214; baseline 0 -19"><span class='ocrx_word' id='word_1_301' title='bbox 688 4151 835 4196; x_wconf 90' lang='lat' dir='ltr'><strong>cum</strong></span> <span class='ocrx_word' id='word_1_302' title='bbox 880 4129 1130 4214; x_wconf 87' lang='lat' dir='ltr'><strong>flerent,</strong></span> <span class='ocrx_word' id='word_1_303' title='bbox 1157 4136 1502 4196; x_wconf 89' lang='lat' dir='ltr'><strong>creaturae</strong></span> <span class='ocrx_word' id='word_1_304' title='bbox 1549 4129 1765 4195; x_wconf 86' lang='lat' dir='ltr'><strong>factae</strong></span> <span class='ocrx_word' id='word_1_305' title='bbox 1813 4135 1958 4195; x_wconf 88' lang='lat' dir='ltr'><strong>sunt</strong></span> <span class='ocrx_word' id='word_1_306' title='bbox 2005 4136 2072 4196; x_wconf 92' lang='lat' dir='ltr'><strong>et</strong></span> <span class='ocrx_word' id='word_1_307' title='bbox 2119 4151 2205 4196; x_wconf 92' lang='lat' dir='ltr'><strong>ex</strong></span> <span class='ocrx_word' id='word_1_308' title='bbox 2253 4132 2456 4197; x_wconf 91' lang='lat' dir='ltr'><strong>nihilo</strong></span> <span class='ocrx_word' id='word_1_309' title='bbox 2489 4131 2818 4208; x_wconf 85' lang='lat' dir='ltr'><strong>conditae3</strong></span> <span class='ocrx_word' id='word_1_310' title='bbox 2868 4132 3035 4196; x_wconf 87' lang='lat' dir='ltr'><strong>Ver·</strong></span> 
     </span>
     <span class='ocr_line' id='line_1_35' title="bbox 686 4232 3039 4316; baseline 0 -19"><span class='ocrx_word' id='word_1_311' title='bbox 686 4233 841 4298; x_wconf 91' lang='lat' dir='ltr'><strong>bum</strong></span> <span class='ocrx_word' id='word_1_312' title='bbox 888 4238 1126 4316; x_wconf 91' lang='lat' dir='ltr'><strong>autem,</strong></span> <span class='ocrx_word' id='word_1_313' title='bbox 1175 4253 1323 4298; x_wconf 89' lang='lat' dir='ltr'><strong>cum</strong></span> <span class='ocrx_word' id='word_1_314' title='bbox 1366 4232 1611 4296; x_wconf 85' lang='lat' dir='ltr'><strong>factum</strong></span> <span class='ocrx_word' id='word_1_315' title='bbox 1658 4237 1758 4297; x_wconf 89' lang='lat' dir='ltr'><strong>est</strong></span> <span class='ocrx_word' id='word_1_316' title='bbox 1803 4252 1980 4315; x_wconf 88' lang='lat' dir='ltr'><strong>caro,</strong></span> <span class='ocrx_word' id='word_1_317' title='bbox 2031 4236 2270 4299; x_wconf 90' lang='lat' dir='ltr'><strong>mansit</strong></span> <span class='ocrx_word' id='word_1_318' title='bbox 2319 4234 2490 4298; x_wconf 90' lang='lat' dir='ltr'><strong>Deus</strong></span> <span class='ocrx_word' id='word_1_319' title='bbox 2521 4237 2715 4299; x_wconf 89' lang='lat' dir='ltr'><strong>sicuti</strong></span> <span class='ocrx_word' id='word_1_320' title='bbox 2744 4239 2890 4299; x_wconf 91' lang='lat' dir='ltr'><strong>erat</strong></span> <span class='ocrx_word' id='word_1_321' title='bbox 2922 4253 3039 4298; x_wconf 90' lang='lat' dir='ltr'><strong>an-</strong></span> 
     </span>
     <span class='ocr_line' id='line_1_36' title="bbox 686 4334 3034 4420; baseline 0 -21"><span class='ocrx_word' id='word_1_322' title='bbox 686 4344 948 4420; x_wconf 90' lang='lat' dir='ltr'><strong>tequam</strong></span> <span class='ocrx_word' id='word_1_323' title='bbox 992 4334 1199 4400; x_wconf 88' lang='lat' dir='ltr'><strong>fieret.</strong></span> <span class='ocrx_word' id='word_1_324' title='bbox 1226 4335 1446 4418; x_wconf 91' lang='lat' dir='ltr'><strong>Neque</strong></span> <span class='ocrx_word' id='word_1_325' title='bbox 1478 4334 1698 4400; x_wconf 90' lang='lat' dir='ltr'><strong>dicere</strong></span> <span class='ocrx_word' id='word_1_326' title='bbox 1744 4338 1956 4420; x_wconf 89' lang='lat' dir='ltr'><strong>ipsum</strong></span> <span class='ocrx_word' id='word_1_327' title='bbox 1987 4334 2231 4400; x_wconf 83' lang='lat' dir='ltr'><strong>factum</strong></span> <span class='ocrx_word' id='word_1_328' title='bbox 2295 4357 2418 4401; x_wconf 91' lang='lat' dir='ltr'><strong>non</strong></span> <span class='ocrx_word' id='word_1_329' title='bbox 2481 4357 2644 4418; x_wconf 90' lang='lat' dir='ltr'><strong>esse,</strong></span> <span class='ocrx_word' id='word_1_330' title='bbox 2693 4337 2871 4401; x_wconf 91' lang='lat' dir='ltr'><strong>valet</strong></span> <span class='ocrx_word' id='word_1_331' title='bbox 2919 4336 3034 4401; x_wconf 90' lang='lat' dir='ltr'><strong>ad-</strong></span> 
     </span>
     <span class='ocr_line' id='line_1_37' title="bbox 688 4437 3034 4522; baseline 0.001 -22"><span class='ocrx_word' id='word_1_332' title='bbox 688 4441 1042 4502; x_wconf 90' lang='lat' dir='ltr'><strong>versarius.</strong></span> <span class='ocrx_word' id='word_1_333' title='bbox 1070 4437 1144 4502; x_wconf 91' lang='lat' dir='ltr'><strong>Id</strong></span> <span class='ocrx_word' id='word_1_334' title='bbox 1167 4440 1339 4502; x_wconf 89' lang='lat' dir='ltr'><strong>enim</strong></span> <span class='ocrx_word' id='word_1_335' title='bbox 1360 4442 1586 4502; x_wconf 87' lang='lat' dir='ltr'><strong>vetant</strong></span> <span class='ocrx_word' id='word_1_336' title='bbox 1607 4438 1815 4503; x_wconf 90' lang='lat' dir='ltr'><strong>verba</strong></span> <span class='ocrx_word' id='word_1_337' title='bbox 1838 4438 2134 4522; x_wconf 90' lang='lat' dir='ltr'><strong>Apostoli</strong></span> <span class='ocrx_word' id='word_1_338' title='bbox 2157 4437 2629 4522; x_wconf 89' lang='lat' dir='ltr'><strong>praedicantis:</strong></span> <span class='ocrx_word' id='word_1_339' title='bbox 2669 4459 2705 4502; x_wconf 83' lang='lat'>‹</span> <span class='ocrx_word' id='word_1_340' title='bbox 2738 4439 3034 4503; x_wconf 88' lang='lat' dir='ltr'><strong>Verbum</strong></span> 
     </span>
     <span class='ocr_line' id='line_1_38' title="bbox 687 4538 3029 4606; baseline 0 -1"><span class='ocrx_word' id='word_1_341' title='bbox 687 4560 843 4605; x_wconf 89' lang='lat' dir='ltr'><strong>caro</strong></span> <span class='ocrx_word' id='word_1_342' title='bbox 888 4538 1132 4604; x_wconf 87' lang='lat' dir='ltr'><strong>factum</strong></span> <span class='ocrx_word' id='word_1_343' title='bbox 1182 4544 1369 4604; x_wconf 82' lang='lat' dir='ltr'><strong>est».</strong></span> <span class='ocrx_word' id='word_1_344' title='bbox 1420 4539 1587 4604; x_wconf 87' lang='lat' dir='ltr'><strong>Ecce</strong></span> <span class='ocrx_word' id='word_1_345' title='bbox 1634 4539 1956 4604; x_wconf 85' lang='lat' dir='ltr'><strong>Iohannes</strong></span> <span class='ocrx_word' id='word_1_346' title='bbox 2003 4539 2171 4605; x_wconf 88' lang='lat' dir='ltr'><strong>dixit</strong></span> <span class='ocrx_word' id='word_1_347' title='bbox 2217 4541 2507 4605; x_wconf 89' lang='lat' dir='ltr'><strong>Verbum</strong></span> <span class='ocrx_word' id='word_1_348' title='bbox 2553 4540 2796 4606; x_wconf 83' lang='lat' dir='ltr'><strong>factum</strong></span> <span class='ocrx_word' id='word_1_349' title='bbox 2854 4561 3029 4605; x_wconf 90' lang='lat' dir='ltr'><strong>esse:</strong></span> 
     </span>
    </p>
   </div>
   <div class='ocr_carea' id='block_1_7' title="bbox 3098 1591 3162 1638">
    <p class='ocr_par' dir='ltr' id='par_1_7' title="bbox 3098 1591 3162 1638">
     <span class='ocr_line' id='line_1_39' title="bbox 3098 1591 3162 1638; baseline -0.031 0"><span class='ocrx_word' id='word_1_350' title='bbox 3098 1591 3162 1638; x_wconf 86' lang='lat'><strong>10·</strong></span> 
     </span>
    </p>
   </div>
   <div class='ocr_carea' id='block_1_8' title="bbox 3097 2311 3150 2356">
    <p class='ocr_par' dir='ltr' id='par_1_8' title="bbox 3097 2311 3150 2356">
     <span class='ocr_line' id='line_1_40' title="bbox 3097 2311 3150 2356; baseline 0 0"><span class='ocrx_word' id='word_1_351' title='bbox 3097 2311 3150 2356; x_wconf 87' lang='grc'><strong>15</strong></span> 
     </span>
    </p>
   </div>
   <div class='ocr_carea' id='block_1_9' title="bbox 3087 3844 3145 3888">
    <p class='ocr_par' dir='ltr' id='par_1_9' title="bbox 3087 3844 3145 3888">
     <span class='ocr_line' id='line_1_41' title="bbox 3087 3844 3145 3888; baseline 0 0"><span class='ocrx_word' id='word_1_352' title='bbox 3087 3844 3145 3888; x_wconf 83' lang='lat'><strong>30</strong></span> 
     </span>
    </p>
   </div>
   <div class='ocr_carea' id='block_1_10' title="bbox 3083 4355 3143 4400">
    <p class='ocr_par' dir='ltr' id='par_1_10' title="bbox 3083 4355 3143 4400">
     <span class='ocr_line' id='line_1_42' title="bbox 3083 4355 3143 4400; baseline 0 0"><span class='ocrx_word' id='word_1_353' title='bbox 3083 4355 3143 4400; x_wconf 81' lang='lat'><strong>35</strong></span> 
     </span>
    </p>
   </div>
   <div class='ocr_carea' id='block_1_11' title="bbox 3346 717 3357 1296">
    <p class='ocr_par' dir='ltr' id='par_1_11' title="bbox 3346 717 3357 1296">
     <span class='ocr_line' id='line_1_43' title="bbox 3346 717 3357 1296; baseline 0 0"><span class='ocrx_word' id='word_1_354' title='bbox 3346 717 3357 1296; x_wconf 95' lang='lat' dir='ltr'><strong> </strong></span> 
     </span>
    </p>
   </div>
  </div>
 </body>
</html>
