3400 5642
448 2593 505 2648 p.
542 2578 662 2633 173.

1654 487 2120 576 «(130)»

713 636 1005 710 manari;
1054 639 1119 698 et
1166 631 1317 698 inde
1348 631 1606 717 quidem
1638 630 2084 698 manifestavit
2115 651 2302 696 suam
2335 632 2714 713 bonitatem,
2747 629 2918 715 quod
2947 649 3069 697 nos

712 739 783 800 in
828 739 1041 820 seipso
1086 734 1241 800 fecit
1288 754 1528 800 novam
1574 739 1986 810 creaturam;
2035 737 2187 819 quia
2233 754 2396 800 vero
2439 753 2575 798 non
2622 738 2910 798 mutatus
2949 737 3066 813 est,

716 839 1039 906 revelavit
1082 857 1153 903 se
1200 857 1343 902 esse
1406 839 1932 922 omnipotentem.
1983 837 2261 918 Etenim,
2311 839 2368 900 si
2422 855 2532 902 res
2583 835 2780 902 aliter
2839 833 3070 900 effecta

716 946 887 1006 esset
932 945 997 1004 et
1044 939 1335 1006 Verbum
1384 939 1716 1004 hominem
1777 959 1864 1004 ex
1911 939 2126 1004 Maria
2187 941 2658 1022 assumpsisset,
2713 957 2846 1002 non
2906 957 3070 1002 vero

717 1045 923 1126 ipsum
971 1040 1218 1106 factum
1264 1045 1435 1104 esset
1480 1060 1640 1106 caro
1684 1045 1752 1105 et
1798 1040 1992 1106 homo
2025 1043 2166 1104 sine
2213 1041 2590 1121 mutatione,
2639 1037 3069 1122 Evangelista

716 1144 783 1208 id
828 1143 997 1228 quod
1042 1141 1289 1208 factum
1334 1148 1505 1208 esset
1552 1145 1949 1227 scripsisset;
1999 1141 2068 1206 id
2127 1144 2312 1218 enim¹
2361 1139 2624 1206 facilius
2670 1145 2815 1206 erat
2877 1159 3072 1224 quam

718 1245 885 1330 quod
914 1247 1195 1328 scripsit,
1226 1250 1293 1310 et
1322 1244 1467 1310 loco
1498 1245 1726 1310 huius:
1781 1265 1817 1308 ε(
1842 1245 2135 1310 Verbum
2165 1263 2324 1310 caro
2352 1241 2598 1308 factum
2637 1245 2736 1308 est
2760 1265 2822 1326 ³»,
2849 1241 3071 1308 dicere

715 1353 972 1432 poterat
1011 1346 1203 1412 illud:
1242 1369 1279 1410 ‹
1305 1367 1574 1412 carnem
1606 1349 1954 1431 assumpsit
1982 1353 2050 1412 et
2077 1346 2402 1411 habitavit
2432 1348 2503 1409 in
2527 1365 2608 1412 ea
2632 1367 2692 1428 »,
2725 1365 2890 1428 quae
2923 1363 3072 1408 sen-

716 1451 923 1514 tentia
968 1448 1151 1513 nulla
1195 1448 1539 1532 indigebat
1584 1447 2022 1533 explicatione
2067 1467 2190 1512 nec
2219 1446 2487 1512 dubium
2533 1445 2824 1511 audienti
2869 1448 3070 1530 inspi-

718 1571 871 1616 rare
896 1556 1184 1635 poterat;
1211 1569 1365 1616 nam
1390 1551 1561 1614 Deus
1582 1549 1752 1616 alios
1772 1549 2092 1630 homines,
2117 1551 2320 1614 iustos
2343 1549 2592 1616 scilicet
2616 1554 2682 1613 et
2697 1549 3070 1634 prophetas,

716 1672 973 1737 semper
1019 1655 1363 1736 assumpsit
1416 1657 1483 1716 et
1526 1655 1599 1716 in
1645 1655 1742 1716 eis
1787 1651 2129 1717 habitavit.
2179 1652 2343 1716 Mihi
2389 1657 2627 1734 autem,
2675 1657 2740 1716 et
2785 1654 3072 1716 cuicum-

718 1775 839 1840 que
872 1758 1159 1839 cupienti
1203 1754 1611 1839 intellegere,
1646 1775 1807 1820 cura
1851 1775 1985 1819 non
2029 1760 2130 1820 est
2175 1753 2521 1820 auferendi
2565 1753 3072 1839 explicationem

716 1877 945 1922 eorum
990 1863 1056 1920 et
1102 1859 1245 1922 eius
1274 1857 1419 1922 loco
1450 1875 1661 1922 meam
1711 1857 2214 1940 explicationem
2259 1857 2644 1940 subrogare,
2686 1854 2798 1920 sed
2853 1859 3070 1920 osten-

718 1958 873 2024 dere
922 1959 1071 2025 volo
1118 1979 1260 2024 rem
1305 1959 1866 2024 inhumanationis
1897 1962 2171 2024 scientia
2201 1958 2546 2024 cuiuslibet
2591 1963 2940 2024 creaturae
2971 1958 3076 2020 in-

715 2061 943 2146 tellegi
988 2082 1119 2127 non
1187 2082 1395 2146 posse,
1443 2068 1511 2126 et
1554 2081 1760 2127 caveo
1807 2081 1890 2126 ne
1949 2065 2213 2126 nomine
2277 2063 2854 2146 interpretationiS,
2905 2077 3072 2143 quae
3155 2088 3182 2117 ο

717 2183 849 2228 non
896 2167 1351 2249 interpretatio
1384 2163 1497 2228 sed
1528 2163 1936 2248 blasphemia
1967 2171 2084 2245 est,
2119 2168 2577 2248 corrumpatur
2607 2182 2835 2226 sensus
2879 2161 3074 2226 verbi

716 2265 1111 2350 Scripturae,
1160 2265 1227 2330 id
1258 2272 1375 2347 est,
1402 2286 1484 2332 ne
1516 2266 1847 2332 avellatur
1877 2266 2044 2350 lapis
2072 2265 2185 2330 ille
2217 2268 2286 2330 in
2317 2263 2760 2330 fundamentis
2789 2261 3075 2328 aedificii

718 2367 1221 2451 dispensationis
1266 2367 1619 2432 secundum
1652 2387 1922 2433 carnem
1952 2371 2216 2452 positus,
2252 2370 2362 2452 qui
2391 2375 2490 2432 est
2533 2366 2658 2431 hoc
2710 2387 2747 2430 ⁴<
2777 2365 3074 2432 Verbum

716 2488 872 2534 caro
918 2468 1163 2535 factum
1208 2475 1308 2534 est
1340 2491 1399 2534 ».
1464 2470 1643 2535 Haec
1688 2473 1896 2553 igitur
1956 2470 2162 2534 verba
2223 2467 2506 2553 legenda
2559 2474 2624 2533 et
2684 2465 3070 2552 exponenda

717 2576 865 2634 sunt
911 2569 1138 2636 *iuxta
1167 2591 1431 2656 scopum
1462 2577 1527 2636 et
1558 2578 1844 2637 mentem
1879 2574 2236 2656 scriptoriS,
2269 2571 2338 2636 id
2367 2577 2485 2654 est,
2517 2571 2832 2635 Iohannis
2869 2588 3072 2634 evan-

718 2673 1013 2757 gelistae,
1060 2677 1167 2738 cui
1212 2677 1413 2739 etiam
1458 2695 1684 2740 omnes
1713 2675 1948 2739 Patres
1994 2673 2454 2756 adhaeserunt,
2489 2693 2642 2738 nam
2673 2673 2978 2756 legerunt
3009 2677 3074 2736 et

715 2775 1185 2840 intellexerunt
1229 2778 1397 2840 sicut
1441 2779 1577 2860 ipse
1629 2776 1932 2853 tradidit;
1997 2777 2098 2841 illi
2144 2780 2534 2861 praesertim
2595 2779 2704 2859 qui
2755 2774 3072 2838 Nicaeam

719 2883 1167 2942 convenerunt
1213 2883 1279 2941 et
1324 2897 1441 2962 per
1487 2898 1645 2962 quos
1690 2878 1992 2944 Christus
2053 2879 2306 2945 locutus
2351 2884 2468 2962 est,
2517 2881 2626 2963 qui
2671 2880 3075 2960 scripserunt

718 2985 783 3043 et
830 2979 1139 3044 dixerunt
1184 2981 1387 3044 Deum
1434 2980 1513 3044 de
1561 2982 1695 3046 Deo
1743 2979 2154 3046 descendisse
2193 2989 2260 3046 et
2304 2985 2720 3047 incarnatum
2767 2985 2832 3044 et
2877 2978 3072 3044 inhu-

720 3087 1055 3145 manatum
1084 3080 1305 3146 fuisse.
1340 3082 1423 3146 Et
1450 3082 1601 3148 licet
1634 3082 2024 3166 intellegere
2055 3102 2188 3147 non
2219 3087 2537 3168 possimus
2561 3081 2876 3166 quomodo
2899 3080 3070 3145 Ver-

717 3183 870 3248 bum
916 3202 1073 3248 caro
1118 3181 1363 3248 factum
1410 3186 1511 3267 sit,
1560 3185 1752 3249 nobis
1783 3184 2154 3248 mirandum
2197 3205 2332 3250 non
2377 3190 2493 3249 est.
2543 3184 2721 3248 Talis
2751 3185 2926 3247 enim
2973 3188 3073 3246 est

718 3289 819 3348 vis
866 3285 1315 3370 prodigiorum
1360 3292 1432 3350 ut
1476 3289 1754 3352 scientia
1797 3291 2024 3351 nostra
2063 3287 2468 3372 apprehendi
2511 3307 2646 3352 non
2691 3289 2970 3370 possint;
3007 3289 3072 3348 et

718 3391 1105 3472 praesertim
1153 3389 1349 3453 huius
1393 3389 1679 3473 prodigii
1725 3389 1895 3473 quod
1923 3392 2187 3454 unicum
2234 3395 2298 3454 et
2331 3390 2667 3474 singulare
2716 3395 2780 3453 et
2825 3391 3075 3453 incom—

718 3490 1011 3574 parabile
1060 3496 1177 3574 est,
1226 3495 1291 3554 et
1322 3494 1535 3575 magis
1566 3510 1758 3575 quam
1790 3491 1922 3557 alia
1954 3490 2256 3576 prodigia
2303 3492 2386 3556 ab
2417 3491 2754 3557 intellectu
2785 3493 3074 3556 omnium

719 3593 1143 3657 rationalium
1188 3593 1655 3658 absconditum.
1706 3595 1844 3658 Hoc
1891 3597 2064 3658 enim
2111 3594 2482 3678 prodigium
2527 3597 2598 3658 in
2644 3613 2923 3677 persona
2955 3593 3076 3658 Dei

718 3694 1149 3777 singulariter
1192 3693 1439 3759 factum
1485 3701 1602 3775 est,
1652 3702 1718 3760 et
1763 3716 1896 3761 non
1941 3699 2012 3760 in
2048 3696 2386 3768 voluntate
2435 3699 2575 3761 eius
2605 3698 2860 3760 tantum
2905 3697 3076 3758 sicut

718 3796 851 3862 alia
899 3796 1201 3880 prodigia
1248 3817 1413 3881 quae
1461 3800 1531 3862 in
1576 3801 1834 3866 naturis
1879 3802 2122 3864 creatis
2165 3798 2344 3864 facta
2390 3804 2556 3864 sunt.

808 3897 875 3961 Si
923 3901 1063 3982 quis
1096 3897 1301 3963 dicat:
1337 3899 1505 3965 Ecce
1538 3900 1655 3964 alii
1678 3901 2018 3984 haeretici,
2051 3901 2381 3966 haeresim
2413 3901 2796 3986 Eutychetis
2818 3907 3075 3966 sectan-

718 4006 837 4082 teS,
885 4001 1011 4065 hoc
1058 4001 1260 4066 verbo
1306 4021 1481 4066 nunc
1528 4002 1904 4087 plerumque
1935 4008 2208 4067 utuntur
2253 4008 2318 4067 et
2349 4023 2466 4088 per
2511 4002 2672 4069 illud
2717 4023 2903 4068 suam
2935 4005 3073 4087 opi-

717 4105 981 4168 nionem
1004 4102 1285 4187 undique
1310 4103 1605 4168 stabilire
1629 4108 1958 4181 nituntur;
1986 4125 2120 4170 non
2143 4105 2348 4186 decet,
2373 4111 2638 4190 propter
2667 4104 3075 4172 voluntatem

718 4225 947 4270 eorum
993 4224 1287 4290 pravam,
1336 4206 1461 4272 hoc
1492 4207 1766 4272 verbum
1799 4227 2108 4274 recusare
2155 4213 2268 4272 aut
2297 4227 2558 4274 sensum
2605 4210 2746 4272 eius
2791 4212 3069 4271 mutare.

718 4306 886 4371 Illud
918 4311 1093 4372 enim
1146 4329 1181 4372 «
1213 4308 1507 4373 Verbum
1538 4329 1695 4374 caro
1727 4309 1972 4374 factum
2004 4316 2100 4374 est
2133 4331 2169 4374 »
2221 4330 2354 4375 non
2385 4316 2484 4374 est
2517 4309 2916 4393 Eutychetis,
2949 4329 3074 4374 nec

719 4408 1139 4492 Apollinaris,
1188 4429 1311 4474 nec
1355 4410 1521 4492 Arii,
1570 4431 1692 4475 nec
1739 4412 2062 4493 Eunomii,
2098 4415 2205 4495 qui
2237 4415 2415 4476 circa
2446 4410 2608 4475 illud
2644 4395 3076 4475 inveniuntur

718 4530 999 4593 errasse,
1033 4511 1148 4575 sed
1179 4512 1452 4596 apostoli
1484 4518 1547 4576 et
1580 4512 2029 4596 evangelistae
2061 4513 2374 4578 Iohannis
2419 4516 2545 4596 qui,
2579 4518 2915 4597 postquam
2953 4532 3075 4596 per

3129 1555 3180 1599 lo

3127 3610 3183 3654 3)
