3400 5642
1261 517 1695 603 .-=<,95)›1-

327 660 573 726 dicere:
624 660 958 733 Quomodo
1005 661 1171 726 haec
1216 659 1362 726 fleri
1410 660 1781 746 potuerint?
1828 660 2013 734 Quod
2045 663 2100 725 si
2141 659 2396 726 *mente
2443 666 2674 726 nostra
2731 682 2786 737 p.
2823 667 2944 722 124.

328 762 726 846 apprehendi
770 783 903 828 non
949 766 1215 849 possint,
1265 763 1391 828 hac
1440 762 1518 828 de
1566 783 1766 828 causa
1813 781 1946 827 non
1991 763 2145 828 licet
2185 765 2248 827 ei
2297 765 2407 847 qui
2468 761 2676 828 credit

328 869 569 930 sentire
617 885 696 930 ea
742 865 917 932 facta
962 885 1097 930 non
1144 886 1305 930 esse.

409 967 579 1032 Ecce
628 971 823 1049 enim,
872 970 929 1032 si
971 966 1143 1032 forte
1190 972 1333 1052 quis
1380 988 1675 1054 paganus
1721 968 1829 1034 vel
1870 968 2150 1032 Iudaeus
2181 967 2351 1032 adsit
2381 972 2674 1053 tempore

326 1091 443 1154 quo
490 1070 867 1154 baptizandi
912 1070 997 1136 ad
1056 1072 1453 1138 catechesim
1515 1075 1916 1136 conveniunt
1977 1076 2043 1136 et
2095 1070 2319 1135 videat
2381 1091 2460 1136 ea
2508 1091 2674 1156 quae

328 1173 493 1256 apud
540 1172 691 1236 illos
742 1179 1183 1257 peraguntur:
1242 1173 1511 1256 scilicet,
1566 1193 1679 1238 eos
1733 1193 1930 1258 super
1984 1173 2356 1256 stragulam
2404 1173 2678 1256 pilosam

328 1274 517 1339 nudis
563 1275 835 1359 pedibus
882 1281 1147 1358 stanteS,
1196 1278 1485 1342 tunicam
1532 1279 1629 1342 eis
1674 1275 1954 1358 detrahi,
2003 1278 2440 1340 exorcismum
2485 1296 2681 1360 super

326 1397 433 1442 eos
478 1397 643 1442 voce
690 1383 755 1442 et
802 1377 1089 1444 clamore
1136 1377 1355 1444 valido
1402 1378 1667 1459 factum,
1717 1398 1830 1444 eos
1877 1377 2302 1442 exsufflantes
2347 1382 2412 1442 et
2464 1379 2677 1442 incre-

326 1484 555 1562 pantes
599 1478 931 1544 diabolum
986 1500 1023 1544 e
1076 1483 1261 1546 cuius
1314 1485 1632 1565 potestate
1686 1483 1898 1564 erepti
1951 1485 2119 1562 sunt,
2167 1484 2234 1544 et
2285 1482 2680 1563 accipientes

325 1581 711 1666 singillatim
756 1584 1018 1666 signum
1063 1585 1277 1648 crucis
1322 1585 1391 1648 in
1436 1580 1690 1658 fronte;
1741 1588 1807 1646 et
1853 1585 1910 1647 si
1956 1581 2441 1647 animadvertat
2479 1583 2678 1646 etiam

326 1705 401 1750 ea
447 1704 615 1768 quae
676 1689 821 1769 post
874 1684 1041 1750 haec
1100 1690 1528 1769 peraguntur,
1584 1685 1652 1750 id
1705 1690 1824 1766 est,
1881 1703 2396 1768 unumquemque
2451 1703 2678 1749 eorum

325 1785 467 1850 oleo
515 1791 745 1850 sancto
788 1789 971 1870 ungi,
1018 1791 1123 1850 ter
1168 1789 1237 1850 in
1285 1805 1518 1869 aquam
1550 1788 1858 1870 immergi
1887 1788 1954 1848 in
1987 1785 2360 1850 nominibus
2397 1783 2682 1848 adoran-

323 1887 439 1970 dis,
488 1893 575 1969 et,
623 1892 959 1972 postquam
1006 1887 1361 1969 adscendit,
1388 1891 1589 1952 etiam
1636 1887 1802 1969 ole0‚
1829 1886 1998 1971 quod
2045 1887 2332 1952 chrisma
2379 1892 2676 1969 vocatur,

321 1993 597 2074 signari,
646 1995 711 2054 et
758 1991 1049 2055 vestibus
1080 1990 1249 2056 albis
1278 1995 1344 2054 et
1376 1989 1730 2074 splendidis
1759 1988 1961 2072 indui,
1995 1995 2061 2054 et
2092 2010 2238 2055 cum
2268 1988 2678 2074 lampadibus

248 2112 272 2155 5
320 2097 381 2154 et
428 2091 697 2176 psalmis
742 2094 813 2156 in
858 2091 1109 2157 honore
1156 2091 1407 2173 deduci,
1455 2097 1547 2173 tu,
1594 2096 1666 2156 ut
1698 2094 1950 2176 opinor,
1985 2094 2041 2155 si
2071 2111 2230 2156 vere
2263 2091 2490 2156 doctus
2521 2095 2676 2174 eriS,

320 2215 471 2258 eum
517 2193 781 2259 docebis
828 2192 980 2278 quid
1026 2193 1356 2277 quodlibet
1401 2193 1637 2258 horum
1684 2192 2027 2277 significet,
2061 2199 2126 2258 et
2158 2193 2308 2277 quid
2340 2197 2677 2278 unusquis-

327 2316 447 2380 que
495 2297 733 2360 horum
780 2315 866 2360 ex
912 2315 992 2361 eo
1040 2295 1209 2379 quod
1256 2302 1421 2378 erat,
1468 2294 1615 2371 flat;
1668 2294 1986 2379 quomodo
2031 2302 2249 2359 autem
2295 2302 2361 2362 et
2407 2317 2532 2380 qua
2570 2316 2676 2363 ra-

324 2402 501 2462 tione
550 2397 675 2463 hoc
720 2396 855 2480 flat,
905 2404 970 2462 et
1014 2417 1216 2482 quare
1264 2397 1489 2462 oculus
1534 2400 1829 2482 corporis
1873 2416 2008 2462 non
2037 2396 2259 2462 videat
2291 2396 2357 2462 id
2389 2397 2556 2482 quod
2585 2396 2676 2480 fit,

326 2500 595 2582 scilicet,
644 2521 791 2564 eum
839 2499 1083 2566 factum
1127 2520 1269 2564 esse
1316 2498 1521 2564 filium
1568 2501 1706 2582 Dei,
1755 2506 1820 2564 et
1865 2500 2228 2585 spiritalem
2259 2521 2296 2566 e
2328 2501 2674 2586 corporali,

323 2603 657 2668 hominem
688 2623 930 2667 novum
963 2623 999 2667 e
1032 2608 1278 2684 vetere,
1311 2602 1591 2668 liberum
1626 2623 1661 2666 e
1694 2622 1908 2685 serVO,
1941 2603 2288 2668 caelestem
2321 2624 2358 2668 e
2389 2611 2674 2686 terren0,

320 2709 381 2767 et
428 2704 795 2768 membrum
842 2702 1089 2768 Christi
1134 2724 1171 2768 e
1218 2703 1511 2768 membro
1549 2702 1806 2786 Adami‚
1841 2708 2032 2787 atque
2079 2708 2464 2788 mysterium
2509 2704 2676 2788 quod

322 2811 741 2890 suscepturus
802 2811 919 2888 est,
982 2825 1116 2870 non
1176 2826 1339 2888 esse,
1388 2811 1459 2870 ut
1519 2806 1800 2888 videtur,
1863 2825 2098 2890 panem
2145 2812 2210 2870 et
2270 2809 2514 2889 vinum,
2563 2807 2678 2872 sed

325 2929 563 2994 corpus
610 2915 677 2973 et
721 2911 1109 2992 sanguinem
1164 2909 1300 2991 Dei,
1356 2915 1427 2973 tu
1480 2929 1649 2992 eum,
1704 2916 1776 2973 ut
1829 2915 2000 2993 puto,
2056 2911 2350 2974 monebis
2399 2915 2472 2974 ut
2516 2909 2677 2974 talia

322 3009 445 3076 fide
495 3017 751 3076 tantum
798 3014 1097 3095 accipiat,
1146 3014 1295 3095 quia
1343 3031 1475 3076 non
1522 3016 1788 3096 possunt
1834 3011 2068 3094 videri,
2121 3032 2244 3076 nec
2295 3017 2366 3077 tu
2413 3031 2492 3076 ea
2539 3031 2675 3076 ma-

320 3112 638 3176 nifestare
686 3111 888 3194 vales,
937 3131 1059 3178 nec
1104 3115 1241 3197 ipse
1274 3132 1354 3177 ea
1386 3114 1744 3197 percipere.
1777 3111 1962 3184 Quod
1993 3115 2050 3176 si
2081 3112 2396 3178 adversus
2425 3120 2490 3178 te
2523 3133 2675 3178 con-

318 3212 562 3295 tendet,
598 3212 852 3278 dicens:
894 3234 929 3276 «
962 3213 1103 3296 Illa,
1138 3233 1303 3297 quae
1338 3219 1407 3276 tu
1439 3234 1637 3278 vocas
1668 3233 1904 3297 corpus
1937 3218 2002 3276 et
2034 3214 2442 3296 sanguinem,
2475 3211 2676 3277 *mihi
2726 3249 2782 3306 p,
2820 3235 2939 3289 125.

317 3318 505 3398 panis
552 3320 619 3378 et
650 3318 875 3380 vinum
905 3315 1231 3398 videntur,
1268 3321 1331 3380 et
1364 3321 1708 3400 utrumque
1743 3315 1978 3380 horum
2011 3315 2480 3380 elementorum
2511 3316 2674 3380 mihi

318 3417 582 3482 videtur
626 3438 769 3482 esse
816 3418 883 3482 id
938 3418 1105 3503 quod
1159 3424 1256 3482 est
1316 3439 1435 3502 per
1496 3424 1822 3500 naturam,
1871 3425 1938 3482 et
1997 3422 2106 3502 qui
2151 3418 2514 3502 baptizatus
2561 3417 2675 3482 ad-

319 3518 572 3583 scendit
642 3518 811 3584 idem
878 3540 1069 3604 quam
1134 3525 1329 3586 antea
1390 3519 1653 3584 videtur
1707 3539 1848 3585 esse
1903 3523 2102 3584 etiam
2149 3525 2290 3603 post
2337 3540 2398 3602 »,
2445 3519 2676 3602 quibus

322 3622 547 3686 verbis
594 3627 707 3686 aut
754 3626 1161 3706 argumentis
1206 3626 1517 3689 scientiae
1565 3626 2048 3688 contentionem
2079 3626 2220 3688 eius
2249 3622 2540 3706 placabis
2569 3621 2675 3686 vel

316 3723 499 3786 illum
546 3743 929 3807 persuasum
974 3725 1249 3790 habebis
1292 3730 1364 3788 ut
1411 3744 1509 3807 ea,
1560 3744 1724 3808 quae
1772 3724 2018 3807 dixisti,
2067 3723 2388 3808 accipiat?
2443 3724 2672 3790 Nonne

316 3845 463 3888 eum
510 3826 807 3889 monebis
852 3831 921 3890 ut
968 3825 1195 3891 credat
1227 3832 1500 3909 tantum,
1533 3845 1655 3890 nec
1688 3827 1850 3891 talia
1883 3827 2088 3891 oculis
2119 3830 2414 3912 corporis
2445 3825 2670 3902 videre

316 3930 555 4011 cupiat,
582 3930 733 4011 quia
780 3928 1103 4012 spiritalia
1150 3934 1215 3992 et
1262 3932 1587 4014 penitiora
1634 3929 1930 3994 sensibus
1978 3932 2272 4013 corporis
2311 3934 2480 4011 sunt,
2515 3934 2580 3994 et
2611 3931 2674 3992 ei

316 4029 601 4094 adduces
643 4036 897 4095 tantum
944 4051 1061 4115 pro
1109 4037 1499 4115 argumento
1532 4035 1888 4116 potentiam
1923 4038 1988 4096 et
2018 4035 2330 4096 virtutem
2365 4033 2502 4116 Dei,
2544 4035 2670 4114 cui,

316 4136 463 4215 quia
512 4136 919 4216 omnipotens
966 4139 1083 4215 est,
1132 4137 1351 4200 omnia
1397 4133 1623 4200 facilia
1670 4133 1863 4198 sunt?
1913 4133 1982 4198 Si
2027 4134 2308 4222 iudaeus
2353 4139 2481 4200 erit
2527 4137 2670 4217 iste,

316 4254 462 4298 eum
524 4234 789 4300 docebis
840 4254 973 4300 non
1033 4235 1332 4308 dubitare
1380 4256 1459 4302 eo
1514 4236 1681 4320 quod
1743 4237 1914 4302 Deus
1961 4239 2205 4322 primas
2265 4243 2540 4302 naturas
2586 4257 2670 4301 ex

315 4337 525 4402 nihilo
570 4339 825 4403 creavit
873 4342 938 4403 et
984 4357 1071 4402 ex
1118 4341 1215 4402 eis
1258 4337 1569 4402 mundum
1617 4338 1792 4404 hunc
1846 4339 2173 4404 visibilem
2225 4338 2382 4404 fecit
2427 4344 2493 4403 et
2539 4338 2668 4404 for-

316 4442 521 4503 mavit
566 4445 634 4503 et
681 4443 961 4523 ornavit,
1012 4446 1075 4504 et
1123 4443 1320 4505 etiam
1367 4460 1403 4505 e
1451 4443 1659 4524 signis
1706 4440 1988 4506 diversis
2041 4461 2204 4526 quae
2252 4461 2293 4505 a
2340 4441 2674 4526 prophetis

314 4546 575 4626 patrata
622 4547 805 4618 sunt;
856 4545 958 4606 sin
1006 4549 1224 4607 autem
1270 4563 1585 4627 paganUS,
1636 4542 1822 4606 illum
1867 4564 2250 4629 persuasum
2303 4542 2508 4609 facies
2555 4563 2672 4627 per
