3400 5642
1720 543 1836 630 4⁴(
1885 541 1971 606 54
2023 542 2137 630 >³-

743 687 855 772 qui
898 704 1032 753 non
1080 692 1252 770 erat,
1314 687 1439 752 sibi
1500 689 1625 772 ipsi
1684 707 1818 752 non
1879 693 2055 763 erat;
2120 707 2268 752 cum
2329 691 2548 752 autem
2609 685 2823 751 factus
2868 691 2986 769 est,
3032 687 3096 750 id

744 793 843 855 est
876 809 919 854 a
950 789 1269 855 Creatore
1314 789 1629 874 conditus,
1670 789 1884 855 factus
1913 797 2012 855 est
2051 795 2124 853 ut
2155 809 2273 874 pro
2321 792 2532 873 seipso
2565 791 2935 872 exsisteret,
2965 809 3096 854 non

744 911 907 956 vero
952 895 1025 955 ut
1072 891 1188 956 alii
1232 911 1353 976 per
1396 893 1849 956 exsistentiam
1895 893 2038 956 eius
2081 897 2488 956 crearentur.
2521 889 2606 956 Et
2636 889 2883 955 idcirco
2910 890 3092 955 nulla

744 997 845 1057 est
890 997 1198 1057 creatura
1244 996 1429 1058 cuius
1458 1012 1577 1077 per
1606 995 2010 1058 creationem
2041 991 2212 1057 aliae
2242 991 2461 1057 factae
2509 994 2672 1068 sint;
2707 991 2840 1074 sed,
2871 1012 3092 1076 quam·-

742 1096 845 1160 vis
890 1097 1203 1179 scriptum
1250 1095 1333 1159 sit
1378 1115 1465 1159 ex
1510 1093 1888 1179 primordiis
1929 1097 2188 1159 naturis
2249 1097 2470 1160 omnia
2533 1097 2886 1158 constituta
2929 1114 3090 1176 esse,

741 1196 1239 1282 unumquodque
1284 1193 1519 1262 horum
1565 1216 1685 1282 per
1723 1217 1910 1261 suum
1955 1197 2288 1280 proprium
2323 1215 2360 1260 4(
2393 1194 2539 1260 fieri
2564 1216 2601 1259 ›
2652 1195 2951 1279 agnitum
2996 1200 3094 1260 est

741 1300 1084 1381 exsistere,
1106 1318 1241 1364 non
1264 1317 1426 1363 vero
1450 1301 1603 1382 quia
1649 1298 1783 1364 alia
1815 1318 1902 1362 ex
1933 1317 2012 1363 eo
2035 1297 2350 1382 producta
2381 1300 2548 1362 sunt.
2575 1297 2744 1362 Num
2775 1302 2921 1362 erat
2949 1317 3095 1382 pos-

740 1399 933 1466 sibile
978 1407 1069 1483 ut,
1118 1403 1228 1486 qui
1258 1421 1377 1484 pro
1408 1403 1621 1485 seipso
1650 1399 1742 1483 fit,
1775 1402 1860 1465 sit
1889 1401 2083 1466 simul
2113 1407 2179 1464 et
2209 1420 2341 1465 non
2373 1403 2476 1483 sit,
2525 1400 2842 1484 simulque
2889 1419 3095 1484 agno-

740 1507 1009 1568 scantur
1053 1501 1219 1567 haec
1266 1501 1424 1567 duo:
1472 1502 1639 1566 nihil
1687 1507 1753 1568 et
1799 1502 2063 1586 aliquid,
2116 1523 2152 1566 ‹
2186 1521 2320 1567 non
2369 1521 2512 1566 esse
2547 1523 2583 1566 »
2627 1507 2692 1566 et
2741 1523 2777 1566 «
2817 1499 2965 1566 fieri
3005 1501 3094 1566 »Ξ

740 1600 919 1666 Haec
966 1601 1173 1684 igitur
1231 1599 1316 1664 ad
1360 1605 1704 1665 creaturas
1762 1603 2109 1685 pertinent.
2173 1599 2512 1664 Creatoris
2556 1620 2738 1682 vero,
2795 1603 2906 1684 qui
2949 1601 3088 1665 vult

740 1705 1065 1767 creaturis
1096 1704 1579 1785 connumerari,
1613 1703 1878 1767 omnino
1909 1701 2212 1766 diversus
2233 1707 2332 1767 est
2355 1701 2535 1784 ord0‚
2563 1705 2793 1767 eteius
2819 1721 2858 1766 4(
2881 1700 3030 1769 fieri
3053 1725 3088 1767 »

738 1823 859 1889 per
904 1808 1211 1887 quattuor
1256 1801 1658 1869 differentias
1704 1807 2118 1889 agnoscitur;
2169 1808 2398 1889 prim0,
2441 1806 2595 1888 quia
2639 1823 2788 1870 cum
2817 1807 3091 1870 exsiste-

739 1907 843 1970 ret
888 1905 1103 1970 factus
1152 1911 1282 1982 est;
1346 1907 1649 1989 secundo,
1698 1909 1849 1992 quia
1909 1928 2056 1972 cum
2116 1906 2328 1972 factus
2387 1911 2488 1997 est
2540 1927 2675 1972 non
2725 1912 2826 1972 est
2879 1913 3088 1972 muta-

738 2015 877 2088 tus3
910 2014 1128 2094 tertio,
1162 2013 1315 2095 quia
1343 2030 1463 2095 pro
1493 2010 1699 2093 nobiS,
1733 2029 1867 2075 non
1897 2030 2016 2094 pro
2048 2013 2278 2095 seips0,
2305 2008 2518 2074 factus
2542 2015 2672 2086 est;
2701 2014 2765 2074 et
2789 2009 3088 2095 denique,

739 2113 889 2197 quia
935 2113 1073 2197 ipse
1120 2110 1332 2177 factus
1376 2115 1493 2194 est,
1540 2131 1664 2176 nec
1712 2112 1880 2177 alius
1923 2110 2080 2176 fecit
2124 2131 2293 2194 eum,
2341 2114 2510 2176 sicut
2555 2131 2780 2176 omnes
2833 2118 3087 2176 creatu-

739 2231 856 2279 rae
903 2233 1067 2299 quae
1114 2217 1255 2279 sive
1302 2233 1422 2298 per
1466 2233 1613 2278 eum
1660 2216 1802 2278 sive
1849 2214 1934 2278 ab
1979 2233 2057 2278 eo
2088 2212 2305 2278 factae
2337 2219 2505 2278 sunt.
2541 2212 2618 2277 In
2649 2213 2774 2278 hoc
2803 2216 3090 2278 maxime

739 2320 1041 2401 apparuit
1086 2318 1376 2400 potentia
1423 2319 1565 2380 eius
1608 2314 1778 2400 quod
1823 2335 1956 2380 non
2011 2316 2220 2381 solum
2275 2316 2563 2400 reliquas
2615 2319 2961 2380 creaturas
3006 2335 3089 2380 ex

736 2418 946 2483 nihilo
992 2437 1223 2483 creare
1286 2419 1587 2502 potuerit,
1650 2417 1765 2482 sed
1825 2417 1993 2502 quod
2053 2421 2190 2502 ipse
2251 2417 2589 2483 voluntate
2643 2437 2763 2482 sua
2809 2421 3090 2503 seipsum

736 2518 973 2584 fecerit
1032 2518 1470 2603 quodcumque
1524 2520 1830 2602 voluerit,
1879 2519 1946 2583 id
1998 2524 2096 2584 est
2157 2519 2488 2584 hominem
2543 2541 2629 2584 ex
2682 2520 3086 2585 hominibus:

742 2642 779 2684 «
825 2621 1118 2685 Verbum
1164 2639 1321 2685 caro
1366 2620 1614 2685 factum
1658 2627 1758 2686 est
1803 2627 1868 2686 et
1889 2709 1895 2712 Π
1913 2621 2238 2685 habitavit
2284 2624 2354 2684 in
2399 2622 2588 2686 nobis
2635 2641 2693 2684 ›.
2743 2621 2864 2686 His
2911 2625 3084 2686 enim

736 2723 1073 2789 revelatae
1121 2727 1272 2788 sunt
1315 2727 1607 2808 potentia
1652 2729 1718 2788 et
1763 2727 2048 2788 essentia
2093 2727 2268 2788 eius:
2317 2727 2627 2808 potentia,
2677 2726 2829 2807 quia
2873 2723 3085 2788 factus

737 2832 854 2909 est,
903 2831 968 2890 et
1015 2828 1318 2908 essentia,
1368 2828 1517 2909 quia
1549 2826 1841 2891 Verbum
1873 2827 2231 2891 exsistebat
2261 2829 2460 2891 etiam
2493 2831 2841 2911 antequam
2881 2825 3086 2890 fieret.

737 2929 881 3013 Ipse
928 2931 1103 2992 enim
1156 2948 1191 2991 4<
1224 2927 1436 2992 factus
1474 2935 1572 2993 est
1603 2948 1760 2994 caro
1794 2950 1854 3011 »‚
1885 2948 2010 2993 nec
2041 2928 2210 2993 alius
2239 2931 2308 2992 vi
2338 2931 2694 2993 creationis
2725 2931 3085 2993 actionisve

738 3048 883 3094 eum
932 3028 1261 3094 formavit.
1311 3029 1496 3101 Quod
1541 3033 1599 3094 si
1642 3033 1956 3115 scriptum
2001 3036 2100 3096 est
2144 3051 2296 3095 eum
2339 3030 2526 3094 Patri
2572 3050 2689 3094 suo
2744 3029 2990 3094 dixisse
3027 3028 3079 3093 ¹:

742 3153 778 3196 ‹<
811 3131 1062 3215 Corpus
1109 3135 1325 3195 autem
1374 3134 1612 3216 aptasti
1656 3132 1819 3196 mihi
1845 3152 1904 3215 »,
1933 3137 1998 3197 et
2029 3135 2342 3216 scriptum
2371 3137 2470 3196 est
2501 3131 2581 3196 de
2613 3131 2826 3196 Matre
2859 3134 2999 3196 eius
3023 3134 3078 3195 ἐ

740 3256 777 3298 «
809 3234 1087 3298 Inventa
1134 3238 1231 3297 est
1279 3233 1555 3318 gravida
1601 3232 1720 3299 *de
1768 3233 2012 3319 Spiritu
2057 3240 2286 3300 sancto
2317 3255 2378 3317 »,
2432 3234 2536 3298 his
2589 3235 2818 3300 verbis
2871 3239 3086 3299 osten-

735 3357 877 3400 sum
925 3339 1023 3400 est
1067 3338 1425 3420 potentiam
1471 3354 1901 3419 personarum
1947 3335 2322 3399 divinarum
2369 3355 2511 3400 esse
2559 3336 2918 3420 aequalem,
2951 3355 3082 3400 non

735 3457 896 3504 vero
961 3459 1109 3502 eum
1171 3444 1437 3522 praeter
1496 3457 1681 3501 suam
1739 3437 2146 3502 voluntatem
2213 3436 2458 3502 factum
2527 3457 2669 3502 esse
2731 3437 3080 3518 hominem,

734 3543 874 3604 sive
923 3559 962 3604 a
1008 3540 1207 3604 Patre
1240 3542 1380 3603 sive
1414 3559 1453 3603 a
1485 3538 1729 3623 Spiritu
1762 3544 1987 3604 sancto
2019 3543 2347 3616 coactum;
2397 3539 2568 3604 liber
2598 3543 2773 3604 enim
2805 3545 2904 3604 est
2935 3541 3083 3623 quia

735 3643 1083 3706 arbitrium
1127 3640 1525 3706 naturaliter
1568 3641 1870 3725 possidet,
1915 3642 2208 3726 nihilque
2255 3642 2456 3706 habet
2501 3645 2908 3707 contrarium
2939 3645 3078 3706 sive

734 3743 946 3828 quoad
990 3749 1298 3807 naturam
1347 3745 1487 3806 sive
1535 3742 1746 3827 quoad
1796 3744 2220 3808 voluntatem.
2271 3743 2478 3808 Multa
2530 3763 2694 3809 vero
2747 3745 3102 3809 contraria·

734 3843 903 3929 apud
951 3849 1291 3909 creaturas
1344 3847 1789 3928 inveniuntur,
1845 3845 2384 3931 quemadmodum
2438 3847 2546 3911 vel
2591 3848 2853 3911 initium
2899 3865 3087 3911 crea-

732 3949 931 4011 tionis
977 3965 1207 4011 earum
1252 3965 1370 4030 per
1414 3950 1952 4013 contrarietatem
2006 3952 2342 4032 cognitum
2393 3954 2524 4026 est3
2581 3951 2640 4013 si
2693 3947 2952 4032 quidem
2979 3969 3083 4012 ex

732 4048 857 4114 hoc
904 4049 1071 4133 quod
1121 4069 1158 4111 «
1189 4067 1323 4112 non
1370 4053 1561 4112 erant
1593 4070 1629 4114 >›
1680 4056 2004 4115 venerunt
2052 4051 2135 4116 ad
2179 4051 2304 4116 hoc
2351 4050 2519 4135 quod
2569 4073 2606 4116 (ι
2647 4056 2863 4116 essent
2911 4073 2971 4133 »,
3020 4056 3088 4114 et

732 4150 1148 4218 manifestum
1196 4155 1293 4215 est
1340 4151 1507 4236 quod
1558 4173 1595 4216 <4
1626 4172 1760 4217 non
1806 4155 1891 4217 sit
1924 4175 1960 4217 »
2010 4153 2254 4236 aliquid
2306 4158 2372 4218 et
2418 4153 2588 4238 quod
2639 4174 2675 4217 «
2707 4158 2806 4218 est
2837 4175 2873 4218 >›
2925 4173 3080 4219 con-

730 4257 941 4318 traria
989 4273 1150 4318 esse.
1192 4252 1275 4316 Et
1307 4256 1456 4337 quia
1487 4273 1606 4337 per
1644 4257 2180 4319 contrarietatem
2213 4258 2598 4320 exsistentia
2631 4259 2920 4319 omnium
2952 4260 3085 4320 sta-

729 4355 917 4420 bilita
966 4359 1081 4438 est,
1131 4357 1337 4440 ipsum
1386 4357 1562 4419 enim
1601 4358 1857 4420 initium
1891 4363 2345 4422 creaturarum
2379 4361 2700 4422 exsistere
2731 4360 2827 4421 ita
2859 4360 3086 4442 cogni-

822 4541 1079 4640 ¹‘Hebr.,
1112 4591 1172 4641 x,
1210 4577 1264 4631 5.
1300 4607 1369 4615 —
1406 4575 1429 4608 ²
1466 4579 1726 4640 Mari-11..
1760 4589 1797 4643 1,
1840 4579 1921 4632 18.

3136 1618 3182 1663 10

3138 2127 3182 2172 15

3135 4166 3189 4210 35
