3400 5642
725 650 1042 713 scientiae
1088 646 1264 711 illius
1307 649 1420 731 qui
1461 644 1676 711 factus
1718 650 1819 709 est
1862 644 2177 729 relinque.
2210 643 2397 717 Quod
2442 644 2563 709 tibi
2592 664 2809 727 neme,
2840 650 2918 709 ut
2946 648 3087 729 opi-

727 770 874 831 nor,
919 751 1388 833 vituperationi
1431 754 1666 822 vertet,
1714 750 1773 811 si
1816 749 2263 831 ignorantiam
2306 752 2489 811 tuam
2520 766 2849 831 agnoscas
2880 750 3090 831 respi-

725 854 990 935 ciasque
1037 850 1548 915 imbecillitatem
1593 856 1795 914 tuam.
1842 849 2123 923 Etenim,
2146 868 2237 913 ex
2280 868 2363 915 eo
2414 847 2587 933 quod
2636 848 2981 916 confiteris
3024 856 3091 915 te

727 956 1006 1033 nescire,
1053 952 1298 1017 clarius
1341 951 1664 1020 constabit
1724 958 1791 1015 te
1852 949 2113 1015 doctum
2166 970 2331 1023 eme,
2378 953 2533 1035 qnia
2580 971 2701 1035 per
2742 954 3097 1019 scientiam

729 1056 994 1139 potuisti
1039 1055 1506 1137 ignorantiam,
1553 1072 1719 1136 quae
1766 1052 1889 1117 tibi
1930 1071 2019 1117 ex
2062 1070 2297 1117 errore
2344 1051 2683 1133 acciderit,
2708 1056 3091 1137 percipere;
3172 1068 3199 1113 ⁵

729 1174 884 1221 nam
929 1175 1064 1219 non
1107 1154 1176 1219 id
1219 1154 1624 1219 solummodo
1667 1156 1947 1219 scientia
1992 1160 2339 1237 reputatur
2382 1153 2553 1239 quod
2582 1158 2729 1239 quis
2756 1158 2946 1236 sciat,
2980 1155 3101 1219 sed

729 1256 798 1323 id
841 1260 1044 1321 etiam
1089 1255 1258 1341 quod
1303 1276 1372 1319 se
1417 1258 1676 1321 nescire
1722 1260 2061 1339 agnoscat.
2110 1256 2283 1321 Deus
2326 1259 2507 1321 enim
2552 1256 2733 1323 solus
2776 1263 2879 1321 aet
2932 1277 3099 1323 vere

727 1359 976 1441 doctum,
1023 1360 1134 1443 qui
1177 1356 1460 1443 possidet
1505 1359 1849 1423 scientiam
1894 1360 2189 1423 omnium
2240 1376 2407 1441 quae
2460 1355 2697 1423 effecta
2748 1364 2906 1423 sunt
2950 1362 3097 1423 aive

727 1464 800 1527 in
843 1481 936 1541 se,
981 1463 1124 1525 sive
1171 1480 1212 1525 a
1255 1480 1348 1541 se,
1393 1462 1536 1523 sive
1581 1458 1755 1543 apud
1798 1478 1891 1541 se,
1936 1460 2079 1525 aive
2122 1462 2193 1523 in
2220 1462 2567 1525 creaturis.
2602 1460 2814 1525 Homo
2844 1466 3093 1542 autem,

727 1583 814 1629 ne
857 1562 976 1629 illa
1021 1561 1278 1647 quidem
1323 1580 1488 1645 quae
1533 1580 1654 1627 sua
1683 1566 1838 1627 sunt
1865 1560 1975 1625 vel
2004 1580 2171 1645 quae
2202 1561 2289 1629 ad
2318 1582 2507 1627 suam
2538 1565 2871 1646 pertinent
2902 1582 3095 1630 crea-
3150 1576 3198 1621 1⁰

729 1667 978 1729 tionem
1023 1666 1284 1747 saepius
1325 1665 1498 1727 scire
1543 1668 1788 1747 potest:
1836 1661 1905 1727 id
1948 1668 2069 1745 est,
2118 1662 2439 1748 quomodo
2468 1662 2637 1729 haec
2666 1683 2827 1729 caro
2856 1670 3093 1731 nostra

729 1770 802 1833 in
845 1768 1168 1851 principio
1213 1786 1252 1830 e
1297 1772 1480 1831 terra
1523 1765 1703 1831 facta
1748 1768 1833 1831 sit
1862 1770 1930 1829 et
1958 1784 2133 1831 nunc
2166 1768 2409 1831 iterum
2438 1785 2527 1831 ex
2556 1769 2807 1831 semine
2836 1772 2907 1831 et
2938 1786 3095 1833 san-

729 1872 930 1953 guine
977 1867 1214 1933 cotidie
1261 1866 1394 1949 fiat,
1443 1868 1674 1952 quibus
1732 1871 1985 1953 species
2044 1867 2267 1952 plures
2310 1867 2703 1951 formantur,
2752 1888 2919 1953 quae
2966 1890 3094 1935 nec

729 1974 830 2037 eis
871 1990 994 2035 nec
1039 1970 1164 2035 sibi
1209 1972 1492 2035 invicem
1537 1970 1785 2035 similes
1828 1975 1997 2051 sunt,
2046 1989 2205 2035 caro
2248 1970 2498 2035 scilicet
2544 1976 2613 2035 et
2656 1972 2901 2056 capilli,
2934 1992 3087 2037 ossa

729 2074 898 2139 dura
941 2079 1010 2139 et
1053 2071 1338 2138 medulla
1385 2072 1616 2153 mollia,
1663 2092 1921 2157 ungues
1964 2078 2031 2137 et
2060 2074 2277 2153 nervi,
2308 2078 2375 2137 et
2402 2078 2629 2139 cetera
2662 2093 2917 2158 genera
2946 2078 3091 2158 qui-
3144 2094 3193 2139 ιε

727 2176 850 2241 bus
879 2195 1116 2259 corpus
1151 2176 1586 2239 constituitur.
1633 2173 1821 2247 Quod
1848 2176 1909 2239 si
1950 2176 2097 2259 quis
2126 2172 2373 2239 dixerit
2408 2176 2689 2241 scientia
2718 2176 3093 2243 medicinae

729 2278 896 2343 haec
941 2278 1162 2341 omnia
1205 2275 1384 2339 clare
1429 2275 1719 2357 tradere,
1766 2278 1932 2341 sciat
1974 2274 2089 2341 ille
2134 2275 2311 2341 hanc
2354 2278 2699 2341 scientiam
2750 2297 3091 2362 exponere

727 2399 864 2445 non
907 2398 1094 2463 posse
1141 2375 1458 2461 quomodo
1503 2396 1729 2441 semen
1774 2380 1845 2441 in
1888 2396 2129 2461 corpus
2174 2382 2482 2458 mutetur,
2530 2382 2646 2443 aut
2696 2382 2975 2462 sanguis
3018 2381 3093 2445 in

659 2530 676 2544 .
729 2500 880 2547 ossa
925 2486 992 2545 et
1035 2478 1306 2563 capillos
1350 2484 1416 2542 et
1461 2478 1628 2543 alias
1671 2482 1953 2563 species:
1980 2477 2133 2543 ‘sed
2164 2484 2423 2543 tantum
2452 2483 2909 2565 compaginem
2942 2501 3091 2547 cor·

729 2584 908 2667 poris
951 2601 1040 2646 ex
1084 2583 1400 2645 mixtione
1447 2600 1674 2645 eorum
1722 2582 2051 2661 constitui,
2098 2586 2165 2645 et
2210 2600 2376 2665 quae
2406 2582 2703 2647 membra
2734 2586 2921 2666 prius
2950 2582 3090 2649 for·
3138 2605 3191 2653 m

727 2687 901 2749 mari
943 2683 1218 2764 soleant,
1265 2702 1430 2766 quae
1475 2702 1640 2747 vero
1685 2685 2027 2767 posterius,
2074 2688 2141 2747 et
2200 2702 2329 2765 quo
2388 2682 2579 2749 modo
2644 2690 2711 2747 et
2754 2683 3091 2751 undenam

729 2806 968 2871 corpus
1011 2788 1082 2849 in
1128 2792 1316 2849 utero
1361 2788 1715 2867 nutriatur,
1762 2785 1919 2851 licet
1962 2788 2163 2850 etiam
2210 2786 2281 2847 in
2310 2787 2457 2849 istis
2484 2788 2917 2851 inveniantur
2946 2806 3091 2854 me-

729 2890 876 2954 dici
919 2908 1114 2971 saepe
1161 2905 1412 2969 errare,
1459 2892 1524 2951 et
1571 2890 1787 2971 potius
1828 2906 2025 2971 quam
2055 2885 2232 2951 docti
2260 2886 2635 2951 habeantur
2662 2890 3088 2971 ignorantiae

731 2989 1056 3074 arguendi
1101 2995 1270 3053 sunt.
1317 2988 1598 3055 Creator
1633 2992 1811 3054 enim
1842 2992 2055 3073 posuit
2084 2992 2157 3053 in
2188 2988 2564 3053 hominibus
2592 2992 2897 3055 notitiam
2928 2990 3087 3055 duo-

731 3113 910 3157 rum:
959 3094 1274 3157 scientiae
1319 3110 1512 3176 quam
1559 3094 1658 3156 eis
1701 3091 1899 3173 dedit,
1948 3097 2015 3157 et
2060 3089 2463 3156 infirmitatis
2504 3098 2787 3157 naturae
2834 3112 3087 3175 eorum,
3136 3114 3184 3161 π

729 3202 822 3279 ut,
869 3215 958 3259 ex
1003 3214 1082 3259 eo
1129 3193 1297 3278 quod
1341 3192 1586 3277 aliquid
1633 3196 2051 3278 quantumvis
2110 3213 2383 3277 parvum
2436 3196 2671 3277 sciant,
2728 3195 3091 3263 rationales

731 3301 1198 3382 agnoscantur,
1245 3300 1330 3377 et,
1379 3316 1466 3359 ex
1511 3316 1592 3361 eo
1637 3294 1807 3380 quod
1850 3316 1985 3361 non
2028 3296 2299 3361 valeant
2334 3300 2543 3361 totam
2573 3299 2921 3361 scientiam
2950 3296 3091 3363 adi-

731 3402 914 3485 pisci,
961 3418 1147 3464 suam
1193 3396 1642 3463 infirmitatem
1679 3400 2044 3483 percipiant
2074 3402 2142 3463 et
2170 3399 2399 3463 sciant
2430 3398 3089 3484 quantulumcumque

729 3504 1066 3583 scientiae,
1115 3499 1284 3583 quod
1327 3503 1398 3565 in
1443 3503 1602 3584 ipsis
1645 3504 1765 3581 est,
1810 3519 1945 3565 non
1990 3502 2093 3563 sui
2138 3498 2255 3565 sed
2286 3498 2629 3565 Creatoris
2663 3521 2827 3565 esse.
2862 3500 3087 3567 Scien-

730 3607 892 3669 tiam
937 3623 1026 3669 ex
1073 3608 1258 3686 parte
1305 3608 1717 3686 acceperunt,
1742 3620 1877 3666 non
1920 3608 1993 3667 ut
2035 3602 2496 3667 existimarent
2540 3622 2611 3667 se
2658 3622 2801 3667 esse
2840 3602 3087 3686 doctos,
3132 3626 3179 3671 a»

729 3705 846 3771 sed
891 3710 964 3769 ut
1009 3704 1472 3787 intellegerent
1517 3712 1759 3788 quanto
1804 3707 1892 3769 sit
1928 3706 2252 3788 sapientia
2282 3702 2625 3769 Creatoris
2652 3707 2959 3788 superior
2986 3726 3088 3771 se-

729 3810 1100 3891 cretiorque
1146 3809 1419 3873 scientia
1463 3812 1939 3871 creaturarum.
1987 3806 2213 3871 Talem
2251 3809 2427 3870 enim
2471 3809 2813 3873 scientiam
2858 3810 2927 3872 in
2956 3811 3085 3875 siu-

733 3910 908 3994 gulis
953 3911 1204 3973 naturis
1246 3908 1528 3974 Creator
1571 3907 1823 3974 abdidit
1866 3914 1935 3973 et
1978 3910 2210 3993 posuit,
2258 3908 2487 3992 qualia
2520 3929 2669 3973 cum
2700 3912 2969 3994 quisque
2999 3930 3085 3975 ex

727 4032 812 4077 ea
858 4010 1402 4095 disputationibus
1445 4016 1512 4074 et
1541 4012 2015 4075 exercitatione
2046 4009 2332 4092 hauriat,
2366 4016 2705 4077 remaneat
2742 4014 3085 4079 imminuta

729 4122 798 4179 et
842 4111 1236 4179 indeficiens.
3131 4137 3177 4182 33

819 4216 1154 4300 Agnoscat
1199 4218 1412 4299 quivis
1456 4216 1652 4279 homo
1697 4213 1965 4280 divitias
2010 4217 2371 4298 sapientiae
2416 4213 2774 4296 Creatori&
2808 4219 2918 4300 qui
2948 4222 3092 4281 tan-

726 4324 868 4385 tam
913 4321 1252 4383 scientiam
1296 4320 1366 4381 in
1413 4317 1764 4400 generibus
1806 4316 2049 4381 vilibus
2092 4322 2159 4379 et
2220 4316 2574 4382 humilibus
2618 4321 2850 4401 posuit.
2902 4318 3089 4385 Disce

728 4440 898 4505 ergo
959 4426 1026 4485 et
1085 4419 1396 4505 praedica
1455 4440 1604 4485 cum
1649 4418 1959 4500 Iohanne,
2006 4417 2143 4483 filio
2188 4421 2455 4500 tonitru,
2502 4418 2795 4483 Verbum
2842 4418 3089 4484 factum

728 4543 876 4587 esse
921 4542 1220 4598 caruem;
1269 4521 1384 4586 sed
1415 4540 1608 4585 serva
1641 4541 1791 4586 cum
1821 4541 1901 4585 eo
1930 4520 2263 4585 silentium
2294 4520 2707 4586 discretionis
2742 4521 2961 4605 quoad
2992 4525 3090 4586 rei
