3400 5642
159 1631 213 1675 10

163 2139 213 2183 15

158 2649 215 2691 23

156 3153 213 3196 25

157 4171 215 4216 35

1222 549 1338 637 4⁴(
1391 549 1518 613 187
1571 549 1685 636 >sz-

269 702 343 759 ut
388 695 461 758 hi
492 693 733 775 dicunt,
767 693 961 758 homo
1000 695 1417 757 existimatur
1444 689 1675 756 *natus
1707 711 1896 776 quem
1927 693 2097 756 Deus
2135 695 2480 776 assumpsit
2513 698 2626 757 aut
2680 716 2736 772 p.
2767 701 2891 755 252.

270 801 343 860 in
388 817 515 881 quo
562 797 733 860 Deus
778 796 1121 878 habitavit,
1170 799 1239 858 in
1282 800 1519 859 neutro
1565 813 1721 859 casu
1769 794 2298 878 corporalitatem
2345 796 2478 859 Deo
2509 797 2628 858 tri-

268 901 476 963 buere
523 899 696 981 licet,
744 897 1279 981 quemadmodum
1311 917 1445 961 non
1490 900 1797 960 convenit
1829 915 1974 961 eam
2015 895 2094 960 de
2142 916 2220 960 eo
2253 896 2630 981 praedicari

270 1021 353 1066 eo
402 1000 569 1084 quod
614 1003 685 1064 in
728 1019 1111 1084 unoquoque
1158 1002 1328 1064 iusto
1374 999 1650 1064 habitat.

361 1102 669 1165 Fortasse
714 1101 875 1165 illud
921 1101 1203 1165 alterum
1246 1101 1435 1164 nobis
1482 1102 1826 1165 obiiciant:
1879 1101 1948 1165 Si
1987 1103 2176 1166 Deus
2222 1121 2382 1165 vere
2430 1101 2628 1164 homo

270 1207 489 1271 factus
535 1210 653 1286 est,
701 1204 896 1268 homo
944 1223 1107 1286 ergo
1152 1209 1252 1268 est
1296 1206 1406 1287 qui
1450 1209 1643 1268 natus
1690 1208 1820 1280 est3
1873 1208 2021 1286 quia
2054 1203 2449 1287 impossihile
2481 1207 2630 1266 erat

270 1326 478 1373 unum
522 1305 688 1390 fieri,
738 1307 1019 1370 alterum
1064 1325 1224 1370 vero
1272 1309 1474 1370 nasci.
1538 1305 1829 1370 Audiant
1889 1327 1929 1371 a
1989 1306 2178 1370 nobis
2237 1307 2631 1388 responsio-

268 1430 473 1475 nem:
524 1409 703 1492 Ergo
764 1410 1188 1472 mutationem
1250 1413 1315 1472 et
1374 1406 1824 1472 infirmitatem
1884 1411 1954 1471 in
2017 1409 2150 1472 Deo
2211 1406 2626 1491 praedicatis,

271 1515 447 1596 quia,
496 1510 849 1575 secundum
896 1513 1286 1574 sententiam
1332 1517 1641 1592 vestram,
1690 1529 1824 1574 non
1870 1513 2080 1594 potuit
2125 1531 2312 1574 suum
2356 1529 2392 1573 ⁴<
2417 1529 2560 1574 esse
2589 1531 2625 1573 >›

272 1614 573 1678 divinum
620 1613 729 1676 hic
774 1631 1045 1676 servare
1090 1612 1203 1674 ubi
1248 1611 1455 1676 voluit
1500 1613 1695 1676 homo
1755 1611 1946 1676 fieri?
1979 1611 2168 1695 Apud
2227 1631 2348 1676 nos
2409 1617 2630 1675 autem

272 1721 623 1798 utrumque
669 1713 926 1777 firmum
975 1719 1103 1778 est:
1154 1713 1585 1796 corporalitas
1630 1713 1880 1778 scilicet
1925 1720 1990 1778 et
2037 1717 2322 1778 essentia
2360 1713 2530 1796 Filii,
2565 1720 2632 1778 et

270 1837 411 1881 una
458 1837 603 1880 cum
650 1819 793 1879 istis
838 1819 1039 1880 etiam
1083 1815 1577 1880 immutabilitas
1638 1819 1811 1892 eius;
1878 1819 2180 1899 essentia,
2245 1819 2397 1900 quia
2458 1816 2632 1880 Deus

274 1925 427 1984 erat
472 1924 820 2004 antequam
864 1917 1053 1982 fieret
1098 1919 1325 1994 homo;
1376 1919 1825 2001 corporalitaS,
1875 1921 2025 2002 quia
2072 1923 2210 2002 ipse
2256 1917 2468 1982 factus
2533 1923 2632 1986 est

273 2028 343 2087 et
397 2041 531 2086 non
592 2022 793 2085 alium
852 2020 1097 2085 factum
1158 2023 1537 2104 assumpsit;
1600 2022 2114 2104 immutabilitaS,
2179 2023 2331 2104 quia
2391 2023 2632 2084 mansit

274 2126 453 2189 Deus
498 2127 696 2188 etiam
743 2125 857 2186 ubi
901 2123 1112 2188 factus
1144 2128 1241 2187 est
1271 2123 1483 2187 homo.
1518 2123 1928 2207 Quapropter
1959 2122 2249 2188 dicentes
2280 2123 2628 2205 Virginem

274 2247 423 2292 esse
471 2226 587 2290 Dei
620 2227 1024 2309 genitricem,
1061 2231 1394 2309 postquam
1427 2225 1882 2309 praedicamus
1913 2227 2116 2290 Deum
2149 2245 2234 2290 ex
2266 2245 2346 2289 ea
2383 2224 2629 2288 factum

272 2350 423 2394 esse
458 2329 806 2408 hominem,
841 2326 1434 2391 immutabilitatem
1463 2327 1581 2391 Dei
1612 2326 1999 2391 confitemur
2027 2332 2093 2392 et
2123 2328 2396 2391 dicimus
2427 2327 2631 2391 Deum

270 2431 525 2496 factum
572 2449 713 2494 esse
760 2430 1090 2493 hominem
1137 2436 1201 2493 et
1245 2436 1492 2512 natum,
1542 2436 1607 2494 et
1654 2433 1746 2494 sic
1793 2429 2192 2494 ostendimus
2253 2449 2420 2511 eum,
2485 2449 2633 2493 cum

273 2533 470 2597 fieret
515 2531 682 2616 quod
728 2551 967 2614 sumuS,
1015 2551 1148 2596 non
1195 2537 1510 2596 mutatum
1558 2553 1699 2596 esse
1763 2533 1846 2596 ab
1909 2553 1987 2597 eo
2050 2532 2214 2617 quod
2279 2538 2440 2597 erat.
2507 2530 2633 2595 Sed

274 2635 630 2717 Virginem
692 2632 910 2696 dicere
975 2635 1360 2716 genitricem
1422 2634 1539 2698 Dei
1585 2639 1649 2697 et
1705 2634 1988 2698 hominis
2041 2654 2174 2699 non
2235 2635 2414 2711 licet;
2479 2633 2632 2697 talis

272 2738 457 2800 enim
503 2734 801 2799 doctrina
856 2733 940 2799 ad
1000 2733 1452 2798 affirmandum
1516 2755 1664 2799 eam
1725 2755 1868 2800 esse
1931 2739 2318 2820 genitricem
2378 2741 2634 2800 tantum

272 2839 564 2902 hominis
607 2856 729 2901 nos
774 2835 967 2901 ducit.
1018 2837 1295 2919 Etenim,
1345 2840 1475 2900 nisi
1520 2837 1693 2901 idem
1741 2841 1824 2901 sit
1871 2840 2065 2903 homo
2113 2839 2284 2902 Deus
2329 2844 2398 2902 et
2459 2837 2631 2902 idem

272 2941 451 3003 Deus
496 2939 711 3022 homo,
761 2942 869 3022 qui
914 2941 985 3002 in
1031 2941 1327 3023 personis
1374 2945 1487 3003 aut
1531 2943 1788 3005 naturis
1833 2960 1966 3004 non
2011 2946 2413 3022 numeretur,
2462 2943 2632 3003 nati-

269 3047 550 3108 vitatem
598 3061 683 3106 ex
730 3041 1003 3105 muliere
1051 3042 1301 3106 homini
1347 3045 1611 3106 omnino
1659 3046 1987 3125 convenit,
2035 3048 2101 3107 et
2152 3043 2394 3107 locutio
2451 3064 2487 3106 ‹<
2523 3062 2632 3126 ge-

270 3151 488 3214 nitrix
533 3149 651 3212 Dei
698 3152 763 3212 et
809 3148 1091 3212 hominis
1124 3170 1159 3210 »
1211 3151 1547 3212 invenitur
1594 3147 1968 3232 significare
2017 3148 2297 3213 Mariam
2345 3168 2486 3212 esse
2522 3168 2634 3232 ge-

270 3255 584 3316 nitricem
630 3249 951 3314 *hominis
993 3255 1266 3332 tantum,
1316 3253 1483 3315 sicut
1528 3254 1732 3314 sensit
1777 3257 1842 3314 et
1884 3250 2158 3315 vtradidit
2203 3251 2562 3314 Nestorius,

368 3355 628 3417 Etenim
674 3351 893 3416 dicere
946 3374 981 3416 ‹<
1018 3356 1307 3436 genitrix
1370 3354 1653 3417 hominis
1692 3379 1722 3412 »
1789 3353 1896 3416 vel
1963 3374 1999 3416 ‹<
2035 3356 2328 3436 genitrix
2388 3354 2507 3416 Dei
2568 3359 2634 3418 et

271 3457 565 3520 hominis
598 3476 657 3534 »,
704 3453 877 3518 idem
924 3459 1022 3518 est
1070 3454 1277 3538 quoad
1328 3475 1605 3518 sensum.
1656 3454 1824 3518 Nam
1871 3457 1928 3518 si
1975 3454 2084 3518 ille
2133 3457 2240 3538 qui
2285 3460 2480 3518 natus
2535 3461 2634 3518 est

271 3562 548 3642 putatur
592 3577 733 3620 esse
783 3555 925 3638 du0,
976 3575 1085 3620 res
1130 3562 1229 3620 est
1273 3556 1379 3620 vel
1428 3556 1743 3621 adhaesio
1790 3556 1898 3621 vel
1959 3557 2372 3640 inhabitatio,
2437 3563 2504 3620 et
2561 3560 2631 3620 in

270 3665 517 3724 neutro
564 3678 719 3722 casu
765 3661 1079 3722 nativitas
1124 3663 1332 3742 potest
1384 3659 1519 3722 Deo
1579 3659 1801 3742 tribui,
1867 3657 2422 3743 quemadmodum,
2487 3679 2633 3722 cum

272 3763 453 3825 Deus
497 3763 567 3823 in
613 3779 992 3843 unoquoque
1038 3763 1209 3824 iusto
1262 3760 1605 3843 habitavit,
1670 3761 1778 3824 vel
1839 3759 1964 3824 fuit
2023 3779 2172 3824 cum
2236 3781 2334 3843 eo,
2402 3761 2510 3825 vel
2571 3764 2634 3825 ei

272 3863 599 3944 adhaesit,
648 3862 843 3925 huius
886 3865 1201 3926 nativitas
1247 3862 1379 3926 Deo
1440 3881 1572 3927 non
1634 3862 2014 3946 praedicata
2069 3869 2183 3926 est.
2241 3862 2409 3934 Quia
2471 3882 2632 3927 vero

271 3965 507 4050 puduit
554 3985 665 4028 eos
711 3967 819 4048 qui
850 3964 1220 4028 Nestorium
1252 3969 1626 4048 sequuntur,
1660 3965 2008 4048 Virginem
2041 3971 2266 4048 aperte
2299 3964 2634 4048 appellare

272 4068 565 4132 hominis
612 4069 1016 4149 genitricem,
1067 4085 1214 4130 eam
1274 4071 1512 4131 vocant
1574 4069 1963 4149 genitricem
2025 4067 2141 4130 Dei
2203 4072 2268 4130 et
2330 4068 2633 4149 hominiS,

272 4175 340 4235 et
392 4167 653 4251 quidam
708 4187 793 4231 ex
856 4171 951 4231 eis
1012 4170 1212 4232 etiam
1273 4168 1390 4232 Dei
1459 4171 1865 4252 genitricem.
1931 4168 2036 4232 Illi
2098 4168 2499 4250 dualitatem,
2564 4170 2635 4233 hi

272 4277 499 4337 autem
568 4270 1045 4335 derivationem
1116 4276 1181 4334 et
1248 4270 1566 4334 honorem
1634 4270 2043 4354 intellegunt.
2115 4271 2282 4334 Nam
2351 4276 2464 4335 aut
2533 4291 2636 4335 se-

272 4372 561 4439 cundum
609 4372 1084 4436 derivationem
1131 4373 1425 4436 tribuunt
1472 4373 1605 4437 Deo
1649 4376 2068 4436 nativitatem
2111 4373 2486 4454 humanam,
2521 4378 2635 4437 aut

273 4475 635 4541 secundum
682 4475 999 4539 honorem
1046 4479 1275 4559 putant
1319 4475 1649 4539 hominem
1697 4495 1840 4539 esse
1889 4476 2108 4540 Deum.
2157 4476 2251 4540 Et·
2302 4475 2476 4540 idem
2537 4480 2636 4539 est

273 4580 696 4642 nativitatem
743 4577 1098 4640 humanam
1144 4579 1405 4640 nomine
1452 4581 1733 4642 tantum
1783 4577 1916 4642 Deo
1961 4578 2253 4642 tribuere
2303 4598 2380 4642 ac
2425 4577 2637 4642 homi-

2687 3274 2744 3330 p.
2773 3258 2900 3314 253.
