3400 5642
172 1637 226 1682 10

175 2155 227 2201 15

1253 562 1363 639 -24
1412 560 1540 624 149
1586 561 1696 646 »ς-

286 701 709 766 adhibuimus
756 702 1157 785 exemplum3
1208 705 1373 768 sicut
1420 701 1679 785 quidam
1727 722 1763 766 e
1808 702 2118 766 Patribus
2155 705 2223 764 in
2255 702 2643 766 tractatibus

284 807 427 866 suis
471 823 702 867 vocem
752 823 787 865 «
822 805 1053 867 mixtio
1085 825 1122 868 »
1174 807 1545 887 posuerunt,
1595 823 1724 867 non
1773 802 1857 866 ad
1917 801 2377 867 ostendendam
2433 808 2643 866 muta-

280 908 538 969 tionem
577 911 985 988 naturarum,
1018 910 1185 970 sicut
1218 925 1425 989 aquae
1456 911 1523 969 et
1550 907 1712 988 vini,
1745 904 1858 969 sed
1891 904 1976 968 ad
2007 904 2364 969 docendum
2395 904 2643 968 nullam

285 1011 775 1093 separationem
800 1006 946 1072 fieri
978 1027 1181 1092 posse.
1218 1009 1493 1090 Etenim,
1519 1007 2055 1091 quemadmodum
2079 1006 2295 1071 infans
2317 1005 2644 1071 formatur

286 1131 379 1174 ex
426 1109 695 1192 duobus,
744 1112 991 1174 semine
1039 1115 1103 1174 et
1136 1113 1473 1193 sanguine,
1509 1129 1691 1193 quae,
1727 1114 2064 1194 postquam
2110 1112 2285 1172 inter
2329 1128 2399 1172 se
2433 1111 2642 1172 mixta

282 1217 457 1294 sunt,
509 1231 767 1275 rursum
816 1215 1113 1295 separari
1158 1230 1290 1277 non
1336 1218 1620 1297 possunt,
1669 1215 1764 1276 ita
1795 1231 1880 1275 ex
1912 1210 2253 1275 divinitate
2301 1217 2367 1275 et
2413 1210 2641 1274 huma-

282 1317 499 1378 nitate
546 1315 779 1377 mixtio
827 1311 1176 1377 ineffabilis
1222 1310 1451 1378 effecta
1499 1318 1615 1396 est,
1664 1318 1730 1377 et
1791 1333 1876 1376 ex
1924 1313 2172 1376 duobus
2233 1316 2497 1396 agnitus
2545 1317 2642 1376 est

282 1435 457 1478 unus
480 1415 809 1496 DominuS,
838 1419 901 1478 et
925 1414 1243 1494 Christus,
1271 1421 1336 1478 et
1366 1414 1587 1478 Filius.
1638 1415 1945 1478 Attamen
1977 1417 2272 1497 cogitare
2302 1433 2443 1504 ⁸non
2488 1413 2642 1477 licet

285 1516 586 1581 Verbum
634 1522 950 1581 mutatum
984 1537 1125 1582 esse
1159 1537 1198 1581 a
1228 1521 1469 1581 natura
1502 1537 1619 1580 sua
1666 1523 1731 1582 et
1776 1515 2017 1581 factum
2051 1536 2192 1580 esse
2225 1535 2493 1580 carnem
2525 1535 2645 1599 per

282 1621 736 1700 mutationem,
764 1622 930 1683 sicut
976 1639 1199 1683 semen
1246 1624 1311 1684 et
1342 1623 1611 1702 sanguis
1657 1623 1994 1682 mutantur
2023 1624 2088 1682 et
2135 1621 2228 1682 sic
2273 1616 2438 1681 fiunt
2485 1636 2642 1682 caro

284 1728 353 1785 et
402 1741 553 1785 ossa
598 1727 665 1785 et
712 1721 882 1785 aliae
924 1741 1064 1797 res;
1115 1720 1228 1786 sed
1276 1722 1514 1804 absque
1562 1723 1940 1802 mutatione,
1989 1727 2060 1784 ut
2113 1719 2271 1802 dixi,
2329 1723 2643 1784 sentimus

282 1823 453 1887 illud
485 1843 603 1907 per
649 1823 1016 1907 prodigium
1051 1827 1345 1908 agnitum
1379 1843 1519 1888 esse
1552 1842 1752 1886 unum
1783 1843 1929 1886 cum
1975 1842 2194 1904 carne,
2230 1825 2395 1886 sicut
2442 1825 2639 1886 etiam

286 1946 517 1989 semen
543 1931 607 1989 et
632 1929 1018 2010 sanguinem
1044 1929 1109 1989 in
1135 1945 1265 1989 11110
1289 1945 1580 2010 corpore.
1608 1927 1866 1989 Etenim
1887 1925 2199 2006 Verbum,
2225 1944 2371 1988 cum
2395 1922 2640 1988 factum

286 2033 412 2109 est,
462 2029 703 2110 absque
750 2027 886 2091 ulla
917 2031 1275 2092 mutatione
1309 2031 1605 2112 agnitum
1637 2031 1735 2090 est
1782 2027 1947 2109 quod
1979 2025 2223 2091 factum
2256 2032 2370 2090 est.
2421 2026 2640 2109 Neque

283 2128 573 2194 *factum
620 2135 719 2193 est
765 2133 929 2194 sicut
976 2129 1193 2213 aliqua
1256 2135 1596 2205 creatura;
1662 2149 1816 2193 nam
1863 2133 2072 2193 omnis
2118 2135 2443 2210 creatura,
2493 2147 2639 2192 cum

280 2230 375 2314 fit,
426 2236 736 2314 mutatur,
786 2238 851 2296 et
898 2232 1129 2296 deinde
1178 2235 1558 2315 agnoscitur
1603 2252 1744 2296 esse
1793 2231 2034 2314 aliquid
2089 2230 2284 2312 aliud,
2333 2233 2472 2294 sive
2521 2230 2643 2294 ali-

282 2334 441 2418 quid
489 2355 574 2398 ex
621 2335 831 2399 nihilo
878 2333 1011 2416 fiat,
1061 2337 1199 2398 sive
1249 2334 1489 2418 aliquid
1538 2355 1623 2399 ex
1662 2334 1794 2398 alio
1825 2336 2276 2415 constituatur,
2311 2335 2475 2397 sicut
2521 2353 2641 2396 na-

282 2443 480 2501 turae
528 2436 927 2520 primordiae
976 2457 1139 2520 quae
1186 2457 1273 2500 ex
1318 2437 1527 2501 nihilo
1557 2436 1772 2501 factae
1821 2442 1986 2518 sunt,
2022 2442 2086 2500 et
2132 2455 2291 2499 aves
2336 2440 2399 2499 et
2433 2438 2640 2519 pisces

282 2559 375 2601 ex
424 2559 612 2622 aqua,
663 2544 728 2603 et
772 2542 1064 2603 iumenta
1113 2544 1179 2603 et
1224 2538 1479 2603 belluae
1526 2559 1561 2603 e
1609 2544 1810 2602 terra.

378 2641 549 2704 Deus
596 2646 813 2704 autem
861 2640 1170 2721 Verbum,
1220 2659 1367 2704 cum
1398 2641 1593 2704 homo
1625 2639 1836 2704 factus
1881 2645 1997 2722 est,
2046 2658 2179 2704 non
2226 2645 2512 2703 mutatus
2543 2645 2639 2703 est

281 2746 455 2808 sicut
501 2763 632 2807 una
680 2763 765 2807 ex
810 2743 915 2806 his
963 2746 1212 2807 naturis
1243 2749 1355 2806 aut
1390 2742 1759 2826 generibus.
1808 2743 2086 2825 Etenim,
2118 2761 2251 2806 non
2292 2741 2502 2806 factus
2541 2748 2639 2806 est

280 2867 432 2910 cum
482 2865 609 2910 11011
658 2848 991 2928 existeret,
1040 2849 1206 2911 sicut
1252 2845 1399 2922 illa;
1464 2845 1597 2927 sed,
1645 2849 1716 2908 in
1763 2850 2071 2928 quantum
2119 2852 2217 2908 est
2263 2845 2450 2926 DeuS,
2506 2864 2639 2909 non

281 2947 501 3014 factus
546 2955 646 3013 est
690 2969 776 3012 ex
820 2949 1028 3013 nihilo
1076 2969 1220 3013 cum
1268 2969 1401 3013 non
1440 2952 1807 3029 exsisteret,
1850 2950 2016 3011 sicut
2045 2953 2322 3011 naturae
2356 2950 2639 3030 primor—

282 3052 435 3116 diae
485 3072 669 3135 quae,
705 3072 849 3116 cum
904 3071 1037 3115 non
1099 3057 1332 3133 essent,
1390 3050 1604 3116 factae
1658 3057 1808 3115 sunt
1855 3071 1940 3114 ex
1993 3049 2220 3132 nihilo,
2271 3052 2406 3134 ipse
2462 3053 2637 3114 enim

280 3157 546 3218 exsistit
591 3153 1028 3218 essentialiter
1074 3160 1139 3218 et
1199 3173 1331 3217 non
1385 3159 1648 3217 creatus
1693 3159 1824 3228 631;
1873 3173 2025 3216 113111
2074 3153 2242 3215 Deus
2275 3172 2360 3215 ex
2407 3152 2539 3216 Deo
2572 3158 2637 3215 et

280 3256 492 3320 Filius
539 3257 725 3320 Entis
771 3276 856 3320 ex
902 3256 1068 3321 Ente
1114 3262 1307 3320 natus
1352 3261 1469 3320 est.
1517 3256 1798 3338 Pariter,
1833 3259 1902 3319 in
1935 3260 2242 3338 quantum
2289 3253 2498 3318 factus
2537 3260 2637 3318 est

279 3360 500 3440 hom0,
549 3362 617 3421 in
666 3359 963 3423 omnibus
1012 3379 1050 3423 a
1097 3361 1335 3423 ceteris
1366 3358 1669 3442 operibus
1716 3354 1948 3422 differt.
1997 3355 2175 3420 Haec
2208 3359 2382 3419 6111111
2415 3359 2636 3420 01111113

279 3480 404 3546 per
433 3463 859 3524 mutationem
891 3460 1066 3525 facta
1098 3465 1278 3536 sunt;
1328 3463 1465 3544 ipse
1498 3464 1717 3524 autem
1750 3459 1987 3543 absque
2021 3462 2377 3523 mutatione
2425 3458 2637 3523 factus

280 3569 402 3628 est.
454 3564 537 3626 Et
583 3563 1120 3646 quemadmodum
1166 3583 1291 3628 non
1341 3566 1577 3646 incepit
1617 3566 1685 3624 in
1719 3567 2028 3645 quantum
2077 3581 2115 3624 ⁴<
2148 3568 2330 3643 est»,
2380 3563 2473 3625 ita
2507 3581 2636 3624 non

279 3671 571 3730 mutatus
616 3671 715 3730 est
776 3668 845 3729 in
910 3671 1218 3749 quantum
1284 3687 1319 3729 «
1352 3664 1563 3730 factus
1610 3671 1709 3729 est
1743 3685 1813 3740 »3
1880 3672 1943 3728 et
2005 3663 2538 3747 quemadmodum
2596 3683 2634 3726 a

278 3772 611 3833 creaturis
641 3766 856 3832 differt
881 3768 1091 3852 quoad
1128 3790 1163 3832 ‹<
1190 3789 1330 3832 esse
1358 3790 1416 3850 »,
1451 3771 1600 3851 quia
1634 3787 1890 3851 semper
1919 3770 2195 3849 exsistit,
2229 3767 2382 3830 illae
2417 3773 2636 3831 autem

279 3875 355 3935 in
401 3877 693 3955 tempore
742 3876 1003 3934 creatae
1052 3876 1216 3952 sunt,
1265 3873 1358 3934 ita
1406 3875 1469 3934 et
1517 3869 1726 3954 quoad
1777 3890 1812 3932 «
1845 3868 1992 3933 fieri
2024 3889 2059 3931 »
2113 3869 2196 3933 ab
2243 3871 2339 3932 eis
2393 3867 2631 3952 differt,

280 3977 435 4058 quia
480 3971 693 4036 factus
740 3979 839 4036 est
885 3973 1123 4056 absque
1187 3975 1565 4054 mutatione,
1628 3971 1782 4035 illae
1831 3991 1991 4035 vero
2046 3991 2163 4054 per
2209 3973 2633 4034 mutationem

282 4077 467 4140 fiunt.
504 4075 914 4159 Investigare
943 4094 1071 4139 non
1109 4074 1261 4139 licet
1292 4074 1607 4158 quomodo
1640 4076 1915 4138 exsistat
1945 4093 2089 4137 cum
2123 4093 2254 4137 non
2285 4072 2496 4137 factus
2529 4076 2631 4156 sit,

278 4198 361 4242 eo
409 4174 579 4260 quod
611 4181 955 4240 creaturae
989 4180 1277 4240 existunt
1310 4180 1459 4259 quia
1490 4175 1705 4240 factae
1753 4181 1932 4251 sunt;
1982 4177 2094 4256 ita,
2128 4175 2241 4238 ubi
2271 4173 2482 4238 factus
2513 4181 2630 4258 est,

276 4300 412 4344 non
474 4279 629 4342 licet
690 4281 983 4361 cogitare
1050 4277 1364 4361 quomodo
1418 4277 1629 4342 factus
1688 4281 1772 4340 sit
1834 4279 1974 4340 sine
2037 4279 2417 4358 mutatione,
2482 4280 2632 4360 quia

278 4386 631 4446 creaturae
681 4399 797 4464 per
844 4383 1268 4444 mutationem
1315 4377 1494 4443 fiunt.
1560 4379 1818 4442 Etenim
1879 4376 2025 4442 fieri
2071 4383 2136 4442 et
2182 4397 2312 4442 non
2367 4382 2630 4461 mutari,

277 4486 447 4547 sicut
494 4484 753 4565 saepius
799 4481 957 4563 dixi,
1008 4481 1091 4546 ad
1137 4481 1337 4544 Deum
1386 4481 1592 4545 solum
1638 4483 1939 4564 pertinet,
1991 4477 2137 4563 *qui
2177 4482 2632 4544 exsistentiam

276 4586 479 4650 habet
510 4589 890 4648 increatam.
927 4585 1068 4668 Ipse
1102 4584 1276 4648 solus
1306 4589 1645 4666 utramque
1676 4583 1895 4665 habet,
1930 4585 2280 4646 essentiam
2319 4587 2385 4646 et
2415 4585 2633 4647 incor-

2695 2153 2751 2209 p.
2783 2140 2908 2194 200.

2687 4506 2742 4561 p.
2771 4487 2898 4544 201.
