3400 5642
1223 549 1671 635 «μωμ-

284 716 365 759 ex
410 695 680 760 colubro
724 697 795 758 in
839 697 1099 778 virgam
1146 712 1467 760 conversa
1512 700 1627 758 est:
1667 714 1705 757 <
1735 691 1908 766 Quid
1937 700 2039 759 est
2066 693 2192 758 hoc
2221 696 2292 757 in
2321 695 2622 760 manibus

282 796 449 862 tuis?
510 796 899 882 Respondit:
956 797 1186 880 Virga.
1250 795 1553 880 Dixitque
1616 795 1701 860 ad
1747 815 1896 860 eum
1957 795 2298 860 Dominus:
2363 796 2622 862 Proiice

284 920 425 964 eam
470 903 541 964 in
586 905 853 965 terram.
906 899 985 963 Et
1029 901 1304 984 proiecit
1349 918 1495 963 eam
1542 901 1613 963 in
1655 903 1907 962 terram
1953 904 2018 962 et
2056 917 2252 963 versa
2283 905 2384 964 est
2413 901 2484 963 in
2514 917 2621 964 oo-

282 1002 555 1083 lubrum,
581 1003 674 1065 ita
720 1005 795 1064 ut
839 1000 1101 1084 Moyses
1134 999 1220 1064 ab
1249 1019 1329 1064 eo
1358 999 1638 1083 fugeret.
1673 999 1976 1085 Dixitque
2008 1002 2247 1064 iterum
2278 1000 2618 1065 Dominus:

214 1121 236 1165 5
284 1101 577 1168 Extende
622 1121 887 1168 manum
925 1107 1104 1167 tuam
1136 1106 1202 1166 et
1232 1100 1646 1187 apprehende
1678 1101 1955 1166 caudam
1985 1103 2143 1166 eius.
2177 1099 2298 1167 *Et
2327 1101 2625 1168 extendit
2676 1124 2733 1182 p.
2773 1110 2890 1166 158.

284 1225 543 1270 manum
590 1223 774 1269 suam
820 1209 885 1268 et
930 1206 1157 1287 tenuit,
1206 1209 1273 1268 et
1315 1223 1511 1269 versa
1558 1208 1656 1268 est
1700 1206 1772 1268 in
1816 1207 2078 1288 virgam
2123 1207 2194 1268 in
2237 1223 2437 1270 manu
2483 1207 2624 1269 eius

284 1311 443 1373 sicut
490 1313 688 1372 antea
734 1312 882 1372 erat
918 1307 933 1350 ¹
968 1327 1028 1370 ».
1078 1306 1301 1392 Itaque
1332 1306 1601 1371 coluber
1630 1325 1717 1370 ex
1747 1309 1942 1390 virga
1973 1305 2186 1372 factus
2215 1312 2330 1389 est,
2379 1313 2446 1371 et
2475 1327 2622 1371 rur·

284 1429 415 1473 sum
463 1411 661 1492 virga
708 1427 795 1472 ex
840 1407 1141 1484 colubr03
1175 1412 1241 1473 et
1270 1413 1613 1492 utrumque
1645 1426 1765 1492 per
1794 1407 2166 1492 prodigium
2197 1411 2435 1474 evenit.
2468 1409 2622 1474 Post

284 1512 441 1576 haec
489 1513 690 1575 etiam
737 1513 1048 1596 scriptum
1079 1515 1177 1575 est
1208 1510 1481 1595 Moysen
1509 1513 1772 1594 virgam
1803 1528 1986 1574 suam
2017 1529 2242 1576 coram
2273 1510 2622 1576 Pharaone

194 1630 237 1677 ιο
284 1615 629 1697 proiecisse
677 1621 945 1696 eamque
992 1631 1255 1677 versam
1286 1632 1427 1677 esse
1458 1614 1529 1676 in
1560 1611 1932 1695 draconem,
1967 1617 2032 1676 et
2062 1610 2392 1678 maleficos
2423 1615 2622 1678 etiam

284 1719 507 1800 virgas
552 1735 705 1779 suas
749 1717 1099 1800 proiecisse
1146 1733 1384 1799 easque
1428 1733 1659 1780 versas
1705 1735 1848 1778 esse
1893 1717 1962 1778 in
1993 1714 2332 1791 colubros;
2363 1734 2626 1780 verum-

284 1823 499 1884 tamen
550 1820 747 1901 virga
798 1817 1047 1902 Moysis
1098 1836 1337 1882 revera
1389 1815 1565 1882 facta
1624 1823 1724 1882 est
1775 1816 2060 1899 coluber,
2115 1819 2350 1901 virgae
2405 1823 2624 1882 autem

282 1938 505 1983 eorum
551 1917 905 1983 secundum
950 1919 1163 1982 visum
1208 1917 1545 1982 oculorum
1589 1921 1862 1981 tantum.
1911 1916 2132 2002 Neque
2173 1917 2281 1982 hio
2311 1920 2622 2002 seriptum

286 2027 380 2085 est
420 2021 698 2105 Moysen
743 2020 828 2085 ab
874 2040 970 2104 eo,
1020 2023 1187 2086 sieut
1231 2023 1443 2105 prima
1488 2022 1655 2102 vice,
1701 2018 1970 2103 fugisse,
2019 2021 2170 2104 quia
2216 2018 2494 2105 Spiritus
2523 2023 2622 2084 in·

193 2137 237 2181 15
284 2123 613 2188 tellectum
656 2124 799 2188 eius
841 2122 1237 2187 illuminavit
1280 2127 1353 2186 ut
1396 2124 1534 2186 vim
1578 2120 1866 2206 prodigii
1909 2125 2244 2207 percipere
2275 2127 2507 2206 posset.
2541 2122 2624 2185 Et

284 2225 540 2310 Moyses
584 2244 729 2289 eam
793 2224 1059 2290 videbat
1118 2245 1261 2290 esse
1308 2224 1453 2308 duo,
1516 2227 1780 2308 virgam
1839 2224 2090 2290 scilicet
2135 2229 2202 2289 et
2247 2224 2618 2300 colubrum;

282 2327 541 2393 Pharao
588 2333 805 2392 autem
852 2334 920 2393 et
962 2326 1243 2393 malefici
1288 2347 1435 2392 eam
1481 2347 1623 2392 esse
1668 2332 1922 2392 tantum
1953 2326 2020 2391 id
2051 2325 2218 2411 quod
2248 2326 2425 2392 facta
2455 2332 2618 2392 erat.

282 2431 527 2514 Virgae
574 2428 1019 2496 maleficorum
1063 2429 1401 2495 Pharaoni
1446 2435 1511 2495 et
1543 2428 1888 2514 Aegyptiis
1916 2428 2311 2494 videbantur
2341 2449 2482 2495 esse
2515 2449 2624 2494 co—

283 2532 469 2615 lubri‚
518 2532 733 2616 Moysi
778 2537 996 2598 autem
1042 2535 1277 2616 virgae
1322 2535 1489 2597 sicut
1534 2537 1743 2597 erant.
1793 2531 1892 2596 Ita
1923 2536 1990 2596 et
2026 2534 2222 2615 virga
2252 2531 2499 2617 Moysis
2528 2534 2626 2597 eis

190 2647 237 2693 ῆι)
283 2632 628 2704 videbatur
672 2632 873 2699 draco
918 2653 1093 2710 esse;
1144 2633 1357 2718 Moysi
1401 2653 1563 2698 vero
1610 2632 1738 2699 duo
1785 2633 1996 2716 simul,
2045 2636 2239 2717 virga
2277 2633 2526 2699 scilicet
2557 2638 2624 2697 et

283 2734 563 2800 coluber.

364 2837 673 2919 Rursum,
722 2837 856 2902 alio
900 2837 1091 2903 modo
1140 2857 1177 2900 <
1210 2836 1357 2902 fieri
1388 2859 1425 2902 »
1476 2837 1734 2921 dicitur,
1759 2838 2014 2902 scilicet
2059 2857 2204 2902 cum
2257 2837 2446 2902 multi
2491 2857 2622 2902 una

284 2959 462 3004 mens
506 2938 671 3004 fiunt
716 2960 835 3025 per
864 2945 1153 3005 mutuam
1184 2939 1633 3017 concordiam;
1670 2943 1836 3004 sieut
1867 2943 2178 3024 scriptum
2216 2945 2316 3004 est
2345 2942 2415 3004 in
2447 2938 2626 3004 Acti-

282 3042 397 3106 bus
440 3041 899 3127 Apostolorum
930 3039 988 3107 2:
1044 3064 1080 3107 ⁴<
1112 3042 1353 3107 Omnes
1397 3046 1505 3127 qui
1550 3041 1969 3107 crediderant
2013 3046 2204 3106 erant
2257 3063 2374 3107 cor
2423 3061 2623 3106 unum

190 3154 235 3199 τ)
282 3150 341 3208 et
388 3148 613 3209 anima
656 3163 790 3210 una
815 3166 892 3222 »;
940 3149 1107 3210 sicut
1138 3147 1337 3210 etiam
1367 3145 1716 3230 Apostolus
1745 3144 1912 3209 dixit
1944 3143 2002 3209 ³:
2043 3166 2078 3207 ‹
2111 3144 2350 3210 Omnes
2381 3147 2626 3211 erimus

282 3267 477 3311 unum
508 3251 580 3311 in
610 3244 737 3312 fide
770 3253 835 3312 et
866 3251 1203 3332 agnitione
1236 3248 1388 3312 Filii
1418 3249 1555 3331 Dei,
1588 3249 1660 3312 in
1688 3268 1890 3312 unum
1921 3251 2138 3312 virum
2169 3246 2528 3332 perfectum
2562 3268 2621 3330 ιι,

281 3354 343 3412 et
400 3369 684 3432 rursum,
731 3349 1130 3435 Redemptor
1188 3355 1413 3415 noster
1472 3350 1553 3414 de
1613 3349 1950 3434 discipulis
1995 3349 2079 3414 ad
2123 3350 2390 3414 Patrem
2437 3368 2622 3414 suum

280 3450 443 3517 dixit
472 3448 533 3515 4:
590 3472 627 3516 «
659 3452 755 3516 Da
802 3454 899 3517 eis
948 3457 1021 3516 ut
1074 3455 1143 3517 in
1194 3452 1385 3517 nohis
1436 3473 1637 3516 unum
1690 3455 1852 3528 sint;
1902 3455 2068 3516 sicut
2119 3458 2210 3533 tu,
2265 3453 2468 3516 Pater
2511 3454 2622 3534 mi,

280 3556 345 3617 in
388 3573 493 3618 me
542 3560 609 3618 et
654 3573 781 3639 ego
824 3557 895 3619 in
939 3560 1024 3637 te,
1072 3557 1167 3620 ita
1212 3560 1279 3618 et
1324 3558 1448 3640 ipsi
1493 3574 1691 3619 unum
1741 3557 1810 3618 in
1855 3555 2044 3619 nobis
2089 3557 2236 3618 sint.
2273 3577 2310 3618 »

185 3668 231 3714 ³⁰
362 3656 585 3740 Itaque
632 3657 907 3721 verbum
956 3678 993 3722 «
1016 3655 1163 3722 fieri
1187 3678 1249 3740 »‚
1282 3657 1633 3722 secundum
1666 3658 1788 3721 has
1827 3653 2229 3721 differentias
2259 3660 2624 3742 expositum

277 3765 403 3836 est3
454 3779 727 3843 quarum
776 3759 947 3824 aliae
994 3779 1081 3824 ex
1126 3758 1481 3844 Scriptura,
1530 3759 1704 3824 aliae
1750 3779 1912 3824 vero
1957 3779 2044 3824 ex
2072 3763 2312 3824 natura
2345 3763 2485 3844 ipsa
2517 3779 2624 3824 co·

278 3864 495 3944 gnitae
544 3867 712 3925 sunt.
770 3860 1085 3926 *Cuinam
1140 3862 1374 3927 horum
1430 3861 1770 3926 modorum
1823 3867 2122 3946 putamus
2173 3881 2208 3924 «
2241 3860 2387 3926 fieri
2420 3884 2455 3924 »
2506 3862 2624 3926 Dei
2677 3879 2730 3936 p·
2758 3865 2878 3921 159.

271 3964 477 4029 simile
525 3964 713 4029 esse?
759 3964 866 4028 Illi
910 3983 1031 4049 per
1084 3984 1271 4048 quem
1326 3964 1572 4048 aliquid
1618 3984 1705 4028 ex
1751 3964 1960 4028 nihilo
2008 3962 2122 4028 fit?
2171 3965 2302 4030 Aut
2356 3965 2454 4029 illi
2507 3984 2624 4049 per

273 4087 455 4149 quem
502 4067 748 4151 aliquid
793 4087 879 4132 ex
926 4067 1059 4132 alio
1104 4065 1564 4133 constituitur?
1611 4065 1744 4130 Aut
1789 4066 1888 4130 illi
1933 4087 2057 4150 quo
2103 4067 2350 4151 aliquid
2394 4067 2466 4131 fit
2504 4085 2624 4152 per

188 4183 234 4230 35
281 4169 745 4235 mutationem?
792 4169 923 4234 Aut
968 4169 1067 4234 illi
1112 4168 1467 4234 secundum
1512 4188 1699 4253 quem
1749 4168 2042 4254 pluribus
2073 4168 2476 4253 diversisque
2508 4189 2624 4234 vo-

282 4269 634 4335 luntatibus
676 4291 879 4335 unum
923 4269 995 4336 fit
1040 4269 1198 4336 cor?
1245 4269 1375 4334 Aut
1421 4269 1521 4333 illi
1566 4289 1689 4354 quo
1736 4272 1844 4334 vir
1889 4275 1953 4334 et
1999 4269 2237 4334 mulier
2285 4289 2418 4334 una
2465 4289 2621 4335 caro

276 4371 475 4437 fiunt?
523 4373 655 4437 Aut
700 4372 800 4437 illi
846 4393 971 4457 quo
1016 4372 1211 4438 homo
1257 4393 1345 4436 ex
1391 4372 1643 4456 plebeio
1690 4369 1764 4436 fit
1801 4371 1934 4436 dux
1967 4378 2080 4436 aut
2111 4371 2276 4436 rex?
2310 4373 2452 4456 Ego
2485 4376 2625 4457 qui-

362 4593 381 4624 ¹
420 4594 555 4660 Em„
594 4605 678 4657 iv,
712 4591 827 4646 2-4.
868 4622 934 4632 —
974 4591 995 4623 ²
1035 4594 1180 4659 Act„
1217 4605 1299 4656 xv,
1336 4591 1422 4647 32.
1448 4621 1518 4631 —
1545 4591 1565 4621 ⁸
1592 4593 1764 4661 Eph„
1803 4593 1987 4656 1v‚13.
2019 4624 2080 4634 -
2109 4593 2132 4625 ⁴
2157 4594 2296 4658 1011..
2327 4608 2474 4655 xvu.
2498 4596 2585 4649 2¹.
