<?xml version="1.0" encoding="UTF-8"?>
<!DOCTYPE html PUBLIC "-//W3C//DTD XHTML 1.0 Transitional//EN"
    "http://www.w3.org/TR/xhtml1/DTD/xhtml1-transitional.dtd">
<html xmlns="http://www.w3.org/1999/xhtml" xml:lang="en" lang="en">
 <head>
  <title>
</title>
<meta http-equiv="Content-Type" content="text/html;charset=utf-8" />
  <meta name='ocr-system' content='tesseract 3.04.00' />
  <meta name='ocr-capabilities' content='ocr_page ocr_carea ocr_par ocr_line ocrx_word'/>
</head>
<body>
  <div class='ocr_page' id='page_1' title='image "./corpusscriptoru13unkngoog_0154.png"; bbox 0 0 3400 5642; ppageno 0'>
   <div class='ocr_carea' id='block_1_1' title="bbox 212 1291 241 1337">
    <p class='ocr_par' dir='ltr' id='par_1_1' title="bbox 212 1291 241 1337">
     <span class='ocr_line' id='line_1_1' title="bbox 212 1291 241 1337; baseline 0 0"><span class='ocrx_word' id='word_1_1' title='bbox 212 1291 241 1337; x_wconf 77' lang='lat'>5</span> 
     </span>
    </p>
   </div>
   <div class='ocr_carea' id='block_1_2' title="bbox 185 2312 236 2358">
    <p class='ocr_par' dir='ltr' id='par_1_2' title="bbox 185 2312 236 2358">
     <span class='ocr_line' id='line_1_2' title="bbox 185 2312 236 2358; baseline 0.02 -1"><span class='ocrx_word' id='word_1_2' title='bbox 185 2312 236 2358; x_wconf 89' lang='grc'><strong>15</strong></span> 
     </span>
    </p>
   </div>
   <div class='ocr_carea' id='block_1_3' title="bbox 182 2825 234 2869">
    <p class='ocr_par' dir='ltr' id='par_1_3' title="bbox 182 2825 234 2869">
     <span class='ocr_line' id='line_1_3' title="bbox 182 2825 234 2869; baseline -0.038 0"><span class='ocrx_word' id='word_1_3' title='bbox 182 2825 234 2869; x_wconf 61' lang='grc'><strong>211</strong></span> 
     </span>
    </p>
   </div>
   <div class='ocr_carea' id='block_1_4' title="bbox 182 4349 235 4394">
    <p class='ocr_par' dir='ltr' id='par_1_4' title="bbox 182 4349 235 4394">
     <span class='ocr_line' id='line_1_4' title="bbox 182 4349 235 4394; baseline 0 0"><span class='ocrx_word' id='word_1_4' title='bbox 182 4349 235 4394; x_wconf 83' lang='grc'><strong>35</strong></span> 
     </span>
    </p>
   </div>
   <div class='ocr_carea' id='block_1_5' title="bbox 1243 520 1705 606">
    <p class='ocr_par' dir='ltr' id='par_1_5' title="bbox 1243 520 1705 606">
     <span class='ocr_line' id='line_1_5' title="bbox 1243 520 1705 606; baseline 0.013 -24"><span class='ocrx_word' id='word_1_5' title='bbox 1243 521 1355 604; x_wconf 46' lang='grc' dir='ltr'><strong>ἢκ(</strong></span> <span class='ocrx_word' id='word_1_6' title='bbox 1410 520 1539 583; x_wconf 85' lang='lat'><strong>143</strong></span> <span class='ocrx_word' id='word_1_7' title='bbox 1589 521 1705 606; x_wconf 71' lang='lat'><strong>)&gt;=:—</strong></span> 
     </span>
    </p>
   </div>
   <div class='ocr_carea' id='block_1_6' title="bbox 1093 767 1840 836">
    <p class='ocr_par' dir='ltr' id='par_1_6' title="bbox 1093 767 1840 836">
     <span class='ocr_line' id='line_1_6' title="bbox 1093 767 1840 836; baseline 0.003 -6"><span class='ocrx_word' id='word_1_8' title='bbox 1093 767 1173 831; x_wconf 90' lang='grc' dir='ltr'><strong>ΙΙ.</strong></span> <span class='ocrx_word' id='word_1_9' title='bbox 1224 767 1617 836; x_wconf 68' lang='lat' dir='ltr'>SENTENTIA</span> <span class='ocrx_word' id='word_1_10' title='bbox 1661 785 1840 834; x_wconf 78' lang='lat' dir='ltr'><strong>ALIA.</strong></span> 
     </span>
    </p>
   </div>
   <div class='ocr_carea' id='block_1_7' title="bbox 284 948 2654 4629">
    <p class='ocr_par' dir='ltr' id='par_1_7' title="bbox 287 948 2654 3097">
     <span class='ocr_line' id='line_1_7' title="bbox 386 948 2654 1057; baseline 0.001 -21"><span class='ocrx_word' id='word_1_11' title='bbox 386 973 456 1036; x_wconf 83' lang='lat' dir='ltr'><strong>Si</strong></span> <span class='ocrx_word' id='word_1_12' title='bbox 501 974 609 1056; x_wconf 85' lang='lat' dir='ltr'><strong>qui</strong></span> <span class='ocrx_word' id='word_1_13' title='bbox 656 972 853 1038; x_wconf 86' lang='lat' dir='ltr'><strong>aliter</strong></span> <span class='ocrx_word' id='word_1_14' title='bbox 896 971 1309 1038; x_wconf 85' lang='lat' dir='ltr'><strong>sentiendum</strong></span> <span class='ocrx_word' id='word_1_15' title='bbox 1356 991 1497 1036; x_wconf 88' lang='lat' dir='ltr'><strong>esse</strong></span> <span class='ocrx_word' id='word_1_16' title='bbox 1544 971 1924 1056; x_wconf 89' lang='lat' dir='ltr'><strong>docuerunt,</strong></span> <span class='ocrx_word' id='word_1_17' title='bbox 1973 993 2092 1057; x_wconf 91' lang='lat' dir='ltr'><strong>pro</strong></span> <span class='ocrx_word' id='word_1_18' title='bbox 2147 993 2328 1037; x_wconf 90' lang='lat' dir='ltr'><strong>more</strong></span> <span class='ocrx_word' id='word_1_19' title='bbox 2375 993 2492 1038; x_wconf 88' lang='lat' dir='ltr'><strong>suo</strong></span> <span class='ocrx_word' id='word_1_20' title='bbox 2541 948 2654 1038; x_wconf 83' lang='lat' dir='ltr'><strong>de-</strong></span> 
     </span>
     <span class='ocr_line' id='line_1_8' title="bbox 292 1073 2652 1157; baseline 0 -17"><span class='ocrx_word' id='word_1_21' title='bbox 292 1076 593 1156; x_wconf 83' lang='lat' dir='ltr'><strong>liranteS,</strong></span> <span class='ocrx_word' id='word_1_22' title='bbox 627 1074 879 1138; x_wconf 87' lang='lat' dir='ltr'><strong>dicant:</strong></span> <span class='ocrx_word' id='word_1_23' title='bbox 930 1075 1099 1139; x_wconf 87' lang='lat' dir='ltr'><strong>Ecce</strong></span> <span class='ocrx_word' id='word_1_24' title='bbox 1130 1094 1369 1139; x_wconf 87' lang='lat' dir='ltr'><strong>nomen</strong></span> <span class='ocrx_word' id='word_1_25' title='bbox 1400 1073 1519 1138; x_wconf 85' lang='lat' dir='ltr'><strong>filii</strong></span> <span class='ocrx_word' id='word_1_26' title='bbox 1550 1095 1890 1140; x_wconf 88' lang='lat' dir='ltr'><strong>commune</strong></span> <span class='ocrx_word' id='word_1_27' title='bbox 1922 1081 2040 1157; x_wconf 88' lang='lat' dir='ltr'><strong>est,</strong></span> <span class='ocrx_word' id='word_1_28' title='bbox 2073 1081 2139 1140; x_wconf 90' lang='lat' dir='ltr'><strong>et</strong></span> <span class='ocrx_word' id='word_1_29' title='bbox 2171 1075 2334 1140; x_wconf 88' lang='lat' dir='ltr'><strong>duas</strong></span> <span class='ocrx_word' id='word_1_30' title='bbox 2377 1081 2652 1140; x_wconf 87' lang='lat' dir='ltr'><strong>naturas</strong></span> 
     </span>
     <span class='ocr_line' id='line_1_9' title="bbox 292 1175 2648 1261; baseline -0 -19"><span class='ocrx_word' id='word_1_31' title='bbox 292 1177 575 1242; x_wconf 88' lang='lat' dir='ltr'><strong>indicat:</strong></span> <span class='ocrx_word' id='word_1_32' title='bbox 626 1183 691 1240; x_wconf 89' lang='lat' dir='ltr'><strong>et</strong></span> <span class='ocrx_word' id='word_1_33' title='bbox 736 1177 982 1240; x_wconf 85' lang='lat' dir='ltr'><strong>idcirco</strong></span> <span class='ocrx_word' id='word_1_34' title='bbox 1028 1175 1271 1242; x_wconf 87' lang='lat' dir='ltr'><strong>dictum</strong></span> <span class='ocrx_word' id='word_1_35' title='bbox 1316 1181 1415 1240; x_wconf 88' lang='lat' dir='ltr'><strong>est</strong></span> <span class='ocrx_word' id='word_1_36' title='bbox 1462 1176 1540 1240; x_wconf 91' lang='lat' dir='ltr'><strong>de</strong></span> <span class='ocrx_word' id='word_1_37' title='bbox 1588 1197 1666 1240; x_wconf 89' lang='lat' dir='ltr'><strong>eo</strong></span> <span class='ocrx_word' id='word_1_38' title='bbox 1718 1197 1754 1240; x_wconf 81' lang='lat'><strong>«</strong></span> <span class='ocrx_word' id='word_1_39' title='bbox 1788 1176 2000 1242; x_wconf 84' lang='lat' dir='ltr'><strong>factus</strong></span> <span class='ocrx_word' id='word_1_40' title='bbox 2029 1183 2128 1242; x_wconf 87' lang='lat' dir='ltr'><strong>est</strong></span> <span class='ocrx_word' id='word_1_41' title='bbox 2160 1197 2247 1242; x_wconf 79' lang='lat' dir='ltr'><strong>ex</strong></span> <span class='ocrx_word' id='word_1_42' title='bbox 2277 1177 2554 1244; x_wconf 89' lang='lat' dir='ltr'><strong>muliere</strong></span> <span class='ocrx_word' id='word_1_43' title='bbox 2590 1201 2648 1261; x_wconf 76' lang='lat'><strong>»,</strong></span> 
     </span>
     <span class='ocr_line' id='line_1_10' title="bbox 292 1277 2650 1364; baseline 0.001 -23"><span class='ocrx_word' id='word_1_44' title='bbox 292 1282 448 1364; x_wconf 85' lang='lat' dir='ltr'><strong>quia</strong></span> <span class='ocrx_word' id='word_1_45' title='bbox 500 1300 535 1342; x_wconf 86' lang='lat'><strong>‹&lt;</strong></span> <span class='ocrx_word' id='word_1_46' title='bbox 569 1278 781 1342; x_wconf 84' lang='lat' dir='ltr'><strong>factus</strong></span> <span class='ocrx_word' id='word_1_47' title='bbox 826 1283 924 1342; x_wconf 91' lang='lat' dir='ltr'><strong>est</strong></span> <span class='ocrx_word' id='word_1_48' title='bbox 957 1299 991 1340; x_wconf 85' lang='lat'><strong>»</strong></span> <span class='ocrx_word' id='word_1_49' title='bbox 1042 1277 1121 1341; x_wconf 95' lang='lat' dir='ltr'><strong>de</strong></span> <span class='ocrx_word' id='word_1_50' title='bbox 1170 1278 1452 1359; x_wconf 88' lang='lat' dir='ltr'><strong>homine,</strong></span> <span class='ocrx_word' id='word_1_51' title='bbox 1500 1298 1635 1343; x_wconf 91' lang='lat' dir='ltr'><strong>non</strong></span> <span class='ocrx_word' id='word_1_52' title='bbox 1680 1285 1902 1343; x_wconf 88' lang='lat' dir='ltr'><strong>autem</strong></span> <span class='ocrx_word' id='word_1_53' title='bbox 1947 1279 2026 1344; x_wconf 93' lang='lat' dir='ltr'><strong>de</strong></span> <span class='ocrx_word' id='word_1_54' title='bbox 2074 1280 2227 1362; x_wconf 88' lang='lat' dir='ltr'><strong>Deo,</strong></span> <span class='ocrx_word' id='word_1_55' title='bbox 2277 1278 2650 1362; x_wconf 87' lang='lat' dir='ltr'><strong>praedicari</strong></span> 
     </span>
     <span class='ocr_line' id='line_1_11' title="bbox 294 1380 2649 1464; baseline -0 -18"><span class='ocrx_word' id='word_1_56' title='bbox 294 1385 545 1464; x_wconf 86' lang='lat' dir='ltr'><strong>potest;</strong></span> <span class='ocrx_word' id='word_1_57' title='bbox 610 1380 969 1463; x_wconf 79' lang='lat' dir='ltr'><strong>redarguet</strong></span> <span class='ocrx_word' id='word_1_58' title='bbox 1014 1399 1127 1444; x_wconf 89' lang='lat' dir='ltr'><strong>eos</strong></span> <span class='ocrx_word' id='word_1_59' title='bbox 1186 1382 1295 1463; x_wconf 89' lang='lat' dir='ltr'><strong>qui</strong></span> <span class='ocrx_word' id='word_1_60' title='bbox 1353 1399 1488 1444; x_wconf 89' lang='lat' dir='ltr'><strong>non</strong></span> <span class='ocrx_word' id='word_1_61' title='bbox 1534 1385 1714 1446; x_wconf 89' lang='lat' dir='ltr'><strong>recte</strong></span> <span class='ocrx_word' id='word_1_62' title='bbox 1775 1383 2064 1445; x_wconf 89' lang='lat' dir='ltr'><strong>sentiunt</strong></span> <span class='ocrx_word' id='word_1_63' title='bbox 2108 1381 2233 1446; x_wconf 91' lang='lat' dir='ltr'><strong>hoc</strong></span> <span class='ocrx_word' id='word_1_64' title='bbox 2290 1401 2326 1443; x_wconf 80' lang='lat'><strong>&lt;</strong></span> <span class='ocrx_word' id='word_1_65' title='bbox 2359 1381 2649 1445; x_wconf 87' lang='lat' dir='ltr'><strong>Verbum</strong></span> 
     </span>
     <span class='ocr_line' id='line_1_12' title="bbox 292 1481 2649 1566; baseline 0 -20"><span class='ocrx_word' id='word_1_66' title='bbox 292 1503 453 1547; x_wconf 91' lang='lat' dir='ltr'><strong>caro</strong></span> <span class='ocrx_word' id='word_1_67' title='bbox 501 1481 745 1547; x_wconf 84' lang='lat' dir='ltr'><strong>factum</strong></span> <span class='ocrx_word' id='word_1_68' title='bbox 792 1487 889 1546; x_wconf 89' lang='lat' dir='ltr'><strong>est</strong></span> <span class='ocrx_word' id='word_1_69' title='bbox 922 1503 982 1563; x_wconf 82' lang='lat'><strong>»,</strong></span> <span class='ocrx_word' id='word_1_70' title='bbox 1031 1481 1199 1566; x_wconf 86' lang='lat' dir='ltr'><strong>quod</strong></span> <span class='ocrx_word' id='word_1_71' title='bbox 1244 1481 1648 1546; x_wconf 86' lang='lat' dir='ltr'><strong>demonstrat</strong></span> <span class='ocrx_word' id='word_1_72' title='bbox 1681 1502 1720 1547; x_wconf 72' lang='lat'><strong>⁴(</strong></span> <span class='ocrx_word' id='word_1_73' title='bbox 1745 1481 1892 1546; x_wconf 87' lang='lat' dir='ltr'><strong>fieri</strong></span> <span class='ocrx_word' id='word_1_74' title='bbox 1923 1503 1960 1546; x_wconf 83' lang='lat'><strong>»</strong></span> <span class='ocrx_word' id='word_1_75' title='bbox 1997 1483 2354 1548; x_wconf 88' lang='lat' dir='ltr'><strong>subiectum</strong></span> <span class='ocrx_word' id='word_1_76' title='bbox 2403 1483 2649 1548; x_wconf 89' lang='lat' dir='ltr'><strong>habere</strong></span> 
     </span>
     <span class='ocr_line' id='line_1_13' title="bbox 292 1583 2654 1670; baseline 0 -22"><span class='ocrx_word' id='word_1_77' title='bbox 292 1587 497 1650; x_wconf 90' lang='lat' dir='ltr'><strong>etiam</strong></span> <span class='ocrx_word' id='word_1_78' title='bbox 542 1603 773 1648; x_wconf 89' lang='lat' dir='ltr'><strong>nomen</strong></span> <span class='ocrx_word' id='word_1_79' title='bbox 821 1584 989 1668; x_wconf 92' lang='lat' dir='ltr'><strong>quod</strong></span> <span class='ocrx_word' id='word_1_80' title='bbox 1020 1583 1295 1669; x_wconf 82' lang='lat' dir='ltr'><strong>simplex</strong></span> <span class='ocrx_word' id='word_1_81' title='bbox 1342 1584 1426 1647; x_wconf 87' lang='lat' dir='ltr'><strong>ab</strong></span> <span class='ocrx_word' id='word_1_82' title='bbox 1457 1587 1553 1648; x_wconf 87' lang='lat' dir='ltr'><strong>eis</strong></span> <span class='ocrx_word' id='word_1_83' title='bbox 1598 1583 1858 1667; x_wconf 90' lang='lat' dir='ltr'><strong>dicitur,</strong></span> <span class='ocrx_word' id='word_1_84' title='bbox 1907 1589 1970 1648; x_wconf 85' lang='lat' dir='ltr'><strong>et</strong></span> <span class='ocrx_word' id='word_1_85' title='bbox 2017 1603 2150 1649; x_wconf 91' lang='lat' dir='ltr'><strong>non</strong></span> <span class='ocrx_word' id='word_1_86' title='bbox 2181 1585 2388 1650; x_wconf 86' lang='lat' dir='ltr'><strong>solum</strong></span> <span class='ocrx_word' id='word_1_87' title='bbox 2435 1585 2654 1670; x_wconf 86' lang='lat' dir='ltr'><strong>appel-</strong></span> 
     </span>
     <span class='ocr_line' id='line_1_14' title="bbox 289 1684 2650 1771; baseline 0 -21"><span class='ocrx_word' id='word_1_88' title='bbox 289 1686 605 1751; x_wconf 86' lang='lat' dir='ltr'><strong>lationem</strong></span> <span class='ocrx_word' id='word_1_89' title='bbox 651 1684 770 1752; x_wconf 92' lang='lat' dir='ltr'><strong>filii</strong></span> <span class='ocrx_word' id='word_1_90' title='bbox 816 1705 1009 1770; x_wconf 85' lang='lat' dir='ltr'><strong>quam</strong></span> <span class='ocrx_word' id='word_1_91' title='bbox 1040 1685 1447 1771; x_wconf 89' lang='lat' dir='ltr'><strong>proclamant</strong></span> <span class='ocrx_word' id='word_1_92' title='bbox 1478 1705 1619 1750; x_wconf 89' lang='lat' dir='ltr'><strong>esse</strong></span> <span class='ocrx_word' id='word_1_93' title='bbox 1666 1685 2008 1770; x_wconf 83' lang='lat' dir='ltr'><strong>duplicem.</strong></span> <span class='ocrx_word' id='word_1_94' title='bbox 2048 1687 2425 1770; x_wconf 86' lang='lat' dir='ltr'><strong>Praeterea,</strong></span> <span class='ocrx_word' id='word_1_95' title='bbox 2453 1689 2650 1752; x_wconf 84' lang='lat' dir='ltr'><strong>etiam</strong></span> 
     </span>
     <span class='ocr_line' id='line_1_15' title="bbox 292 1788 2650 1870; baseline 0 -18"><span class='ocrx_word' id='word_1_96' title='bbox 292 1792 364 1852; x_wconf 92' lang='lat' dir='ltr'><strong>in</strong></span> <span class='ocrx_word' id='word_1_97' title='bbox 414 1789 541 1854; x_wconf 90' lang='lat' dir='ltr'><strong>hoc</strong></span> <span class='ocrx_word' id='word_1_98' title='bbox 572 1808 801 1852; x_wconf 87' lang='lat' dir='ltr'><strong>errare</strong></span> <span class='ocrx_word' id='word_1_99' title='bbox 848 1791 1285 1854; x_wconf 79' lang='lat' dir='ltr'><strong>invenientur.</strong></span> <span class='ocrx_word' id='word_1_100' title='bbox 1323 1789 1599 1870; x_wconf 84' lang='lat' dir='ltr'><strong>Etenim,</strong></span> <span class='ocrx_word' id='word_1_101' title='bbox 1632 1790 1691 1852; x_wconf 90' lang='lat' dir='ltr'><strong>si</strong></span> <span class='ocrx_word' id='word_1_102' title='bbox 1736 1788 1916 1852; x_wconf 89' lang='lat' dir='ltr'><strong>Iesus</strong></span> <span class='ocrx_word' id='word_1_103' title='bbox 1948 1794 2218 1854; x_wconf 85' lang='lat' dir='ltr'><strong>vocatus</strong></span> <span class='ocrx_word' id='word_1_104' title='bbox 2264 1794 2435 1854; x_wconf 88' lang='lat' dir='ltr'><strong>esset</strong></span> <span class='ocrx_word' id='word_1_105' title='bbox 2480 1788 2650 1853; x_wconf 90' lang='lat' dir='ltr'><strong>filius</strong></span> 
     </span>
     <span class='ocr_line' id='line_1_16' title="bbox 290 1889 2650 1976; baseline -0.001 -18"><span class='ocrx_word' id='word_1_106' title='bbox 290 1897 439 1976; x_wconf 87' lang='lat' dir='ltr'><strong>post</strong></span> <span class='ocrx_word' id='word_1_107' title='bbox 484 1893 1075 1975; x_wconf 81' lang='lat' dir='ltr'><strong>incorporationem</strong></span> <span class='ocrx_word' id='word_1_108' title='bbox 1121 1895 1393 1962; x_wconf 88' lang='lat' dir='ltr'><strong>tantum,</strong></span> <span class='ocrx_word' id='word_1_109' title='bbox 1443 1889 1511 1954; x_wconf 90' lang='lat' dir='ltr'><strong>id</strong></span> <span class='ocrx_word' id='word_1_110' title='bbox 1556 1895 1674 1973; x_wconf 89' lang='lat' dir='ltr'><strong>est,</strong></span> <span class='ocrx_word' id='word_1_111' title='bbox 1724 1897 1865 1974; x_wconf 90' lang='lat' dir='ltr'><strong>post</strong></span> <span class='ocrx_word' id='word_1_112' title='bbox 1911 1895 2216 1958; x_wconf 86' lang='lat' dir='ltr'><strong>unionem</strong></span> <span class='ocrx_word' id='word_1_113' title='bbox 2271 1911 2456 1956; x_wconf 88' lang='lat' dir='ltr'><strong>suam</strong></span> <span class='ocrx_word' id='word_1_114' title='bbox 2503 1913 2650 1958; x_wconf 89' lang='lat' dir='ltr'><strong>cum</strong></span> 
     </span>
     <span class='ocr_line' id='line_1_17' title="bbox 288 1991 2649 2077; baseline 0.001 -20"><span class='ocrx_word' id='word_1_115' title='bbox 288 1999 535 2060; x_wconf 86' lang='lat' dir='ltr'><strong>natura</strong></span> <span class='ocrx_word' id='word_1_116' title='bbox 566 1993 875 2075; x_wconf 90' lang='lat' dir='ltr'><strong>humana,</strong></span> <span class='ocrx_word' id='word_1_117' title='bbox 908 1991 1135 2056; x_wconf 83' lang='lat' dir='ltr'><strong>forsan</strong></span> <span class='ocrx_word' id='word_1_118' title='bbox 1166 1996 1339 2057; x_wconf 88' lang='lat' dir='ltr'><strong>ratio</strong></span> <span class='ocrx_word' id='word_1_119' title='bbox 1368 1997 1541 2058; x_wconf 87' lang='lat' dir='ltr'><strong>esset</strong></span> <span class='ocrx_word' id='word_1_120' title='bbox 1566 1995 1659 2057; x_wconf 87' lang='lat' dir='ltr'><strong>ita</strong></span> <span class='ocrx_word' id='word_1_121' title='bbox 1692 1992 2021 2077; x_wconf 88' lang='lat' dir='ltr'><strong>opinandi.</strong></span> <span class='ocrx_word' id='word_1_122' title='bbox 2058 1994 2244 2060; x_wconf 91' lang='lat' dir='ltr'><strong>Nunc</strong></span> <span class='ocrx_word' id='word_1_123' title='bbox 2275 1999 2494 2058; x_wconf 90' lang='lat' dir='ltr'><strong>autem</strong></span> <span class='ocrx_word' id='word_1_124' title='bbox 2525 1994 2649 2060; x_wconf 90' lang='lat' dir='ltr'><strong>hoc</strong></span> 
     </span>
     <span class='ocr_line' id='line_1_18' title="bbox 290 2093 2650 2179; baseline 0.001 -19"><span class='ocrx_word' id='word_1_125' title='bbox 290 2115 531 2160; x_wconf 90' lang='lat' dir='ltr'><strong>nomen</strong></span> <span class='ocrx_word' id='word_1_126' title='bbox 578 2095 863 2179; x_wconf 83' lang='lat' dir='ltr'><strong>possidet</strong></span> <span class='ocrx_word' id='word_1_127' title='bbox 892 2093 1195 2159; x_wconf 88' lang='lat' dir='ltr'><strong>Christus</strong></span> <span class='ocrx_word' id='word_1_128' title='bbox 1240 2115 1327 2160; x_wconf 81' lang='lat' dir='ltr'><strong>ex</strong></span> <span class='ocrx_word' id='word_1_129' title='bbox 1374 2114 1497 2178; x_wconf 92' lang='lat' dir='ltr'><strong>quo</strong></span> <span class='ocrx_word' id='word_1_130' title='bbox 1542 2101 1736 2160; x_wconf 87' lang='lat' dir='ltr'><strong>natus</strong></span> <span class='ocrx_word' id='word_1_131' title='bbox 1782 2103 1882 2160; x_wconf 89' lang='lat' dir='ltr'><strong>est</strong></span> <span class='ocrx_word' id='word_1_132' title='bbox 1919 2116 2004 2160; x_wconf 83' lang='lat' dir='ltr'><strong>ex</strong></span> <span class='ocrx_word' id='word_1_133' title='bbox 2035 2094 2388 2172; x_wconf 62' lang='grc' dir='ltr'>*05501111ος</span> <span class='ocrx_word' id='word_1_134' title='bbox 2437 2102 2504 2160; x_wconf 89' lang='lat' dir='ltr'><strong>et</strong></span> <span class='ocrx_word' id='word_1_135' title='bbox 2533 2117 2650 2162; x_wconf 85' lang='lat' dir='ltr'><strong>vo·</strong></span> 
     </span>
     <span class='ocr_line' id='line_1_19' title="bbox 289 2196 2647 2280; baseline 0 -19"><span class='ocrx_word' id='word_1_136' title='bbox 289 2203 485 2262; x_wconf 88' lang='lat' dir='ltr'><strong>catur</strong></span> <span class='ocrx_word' id='word_1_137' title='bbox 529 2196 735 2260; x_wconf 88' lang='lat' dir='ltr'><strong>Filius</strong></span> <span class='ocrx_word' id='word_1_138' title='bbox 780 2199 931 2280; x_wconf 90' lang='lat' dir='ltr'><strong>quia</strong></span> <span class='ocrx_word' id='word_1_139' title='bbox 976 2201 1167 2260; x_wconf 83' lang='lat' dir='ltr'><strong>natus</strong></span> <span class='ocrx_word' id='word_1_140' title='bbox 1212 2201 1311 2260; x_wconf 89' lang='lat' dir='ltr'><strong>est</strong></span> <span class='ocrx_word' id='word_1_141' title='bbox 1350 2216 1435 2260; x_wconf 83' lang='lat' dir='ltr'><strong>ex</strong></span> <span class='ocrx_word' id='word_1_142' title='bbox 1481 2197 1699 2279; x_wconf 88' lang='lat' dir='ltr'><strong>Patre,</strong></span> <span class='ocrx_word' id='word_1_143' title='bbox 1729 2200 1896 2262; x_wconf 87' lang='lat' dir='ltr'><strong>sicut</strong></span> <span class='ocrx_word' id='word_1_144' title='bbox 1939 2203 2005 2262; x_wconf 91' lang='lat' dir='ltr'><strong>et</strong></span> <span class='ocrx_word' id='word_1_145' title='bbox 2051 2202 2327 2262; x_wconf 87' lang='lat' dir='ltr'><strong>vocatur</strong></span> <span class='ocrx_word' id='word_1_146' title='bbox 2356 2198 2647 2264; x_wconf 88' lang='lat' dir='ltr'><strong>Verbum</strong></span> 
     </span>
     <span class='ocr_line' id='line_1_20' title="bbox 290 2300 2647 2384; baseline 0.001 -21"><span class='ocrx_word' id='word_1_147' title='bbox 290 2302 447 2384; x_wconf 87' lang='lat' dir='ltr'><strong>quia</strong></span> <span class='ocrx_word' id='word_1_148' title='bbox 480 2300 718 2382; x_wconf 84' lang='lat' dir='ltr'><strong>absque</strong></span> <span class='ocrx_word' id='word_1_149' title='bbox 765 2302 1063 2383; x_wconf 84' lang='lat' dir='ltr'><strong>passione</strong></span> <span class='ocrx_word' id='word_1_150' title='bbox 1096 2304 1287 2364; x_wconf 82' lang='lat' dir='ltr'><strong>natus</strong></span> <span class='ocrx_word' id='word_1_151' title='bbox 1318 2304 1415 2362; x_wconf 89' lang='lat' dir='ltr'><strong>est</strong></span> <span class='ocrx_word' id='word_1_152' title='bbox 1447 2304 1511 2364; x_wconf 89' lang='lat' dir='ltr'><strong>et</strong></span> <span class='ocrx_word' id='word_1_153' title='bbox 1544 2302 1693 2383; x_wconf 88' lang='lat' dir='ltr'><strong>quia</strong></span> <span class='ocrx_word' id='word_1_154' title='bbox 1742 2319 1860 2383; x_wconf 89' lang='lat' dir='ltr'><strong>per</strong></span> <span class='ocrx_word' id='word_1_155' title='bbox 1889 2321 2038 2364; x_wconf 90' lang='lat' dir='ltr'><strong>eum</strong></span> <span class='ocrx_word' id='word_1_156' title='bbox 2084 2301 2350 2366; x_wconf 88' lang='lat' dir='ltr'><strong>Patrem</strong></span> <span class='ocrx_word' id='word_1_157' title='bbox 2381 2303 2647 2384; x_wconf 89' lang='lat' dir='ltr'><strong>eiusque</strong></span> 
     </span>
     <span class='ocr_line' id='line_1_21' title="bbox 292 2401 2648 2485; baseline 0 -19"><span class='ocrx_word' id='word_1_158' title='bbox 292 2402 516 2466; x_wconf 87' lang='lat' dir='ltr'><strong>omnia</strong></span> <span class='ocrx_word' id='word_1_159' title='bbox 542 2404 989 2484; x_wconf 83' lang='lat' dir='ltr'><strong>cognovimus.</strong></span> <span class='ocrx_word' id='word_1_160' title='bbox 1018 2401 1099 2464; x_wconf 92' lang='lat' dir='ltr'><strong>Et</strong></span> <span class='ocrx_word' id='word_1_161' title='bbox 1132 2421 1263 2466; x_wconf 90' lang='lat' dir='ltr'><strong>una</strong></span> <span class='ocrx_word' id='word_1_162' title='bbox 1294 2401 1647 2485; x_wconf 89' lang='lat' dir='ltr'><strong>eademque</strong></span> <span class='ocrx_word' id='word_1_163' title='bbox 1682 2409 1780 2464; x_wconf 88' lang='lat' dir='ltr'><strong>est</strong></span> <span class='ocrx_word' id='word_1_164' title='bbox 1811 2420 2092 2485; x_wconf 87' lang='lat' dir='ltr'><strong>persona</strong></span> <span class='ocrx_word' id='word_1_165' title='bbox 2123 2407 2189 2465; x_wconf 93' lang='lat' dir='ltr'><strong>et</strong></span> <span class='ocrx_word' id='word_1_166' title='bbox 2222 2407 2462 2467; x_wconf 85' lang='lat' dir='ltr'><strong>natura</strong></span> <span class='ocrx_word' id='word_1_167' title='bbox 2495 2403 2648 2466; x_wconf 86' lang='lat' dir='ltr'><strong>Filii</strong></span> 
     </span>
     <span class='ocr_line' id='line_1_22' title="bbox 290 2501 2650 2588; baseline 0 -20"><span class='ocrx_word' id='word_1_168' title='bbox 290 2509 357 2568; x_wconf 88' lang='lat' dir='ltr'><strong>et</strong></span> <span class='ocrx_word' id='word_1_169' title='bbox 389 2503 617 2567; x_wconf 88' lang='lat' dir='ltr'><strong>Verbi.</strong></span> <span class='ocrx_word' id='word_1_170' title='bbox 651 2502 836 2574; x_wconf 88' lang='lat' dir='ltr'><strong>Quod</strong></span> <span class='ocrx_word' id='word_1_171' title='bbox 868 2505 925 2566; x_wconf 88' lang='lat' dir='ltr'><strong>si</strong></span> <span class='ocrx_word' id='word_1_172' title='bbox 954 2502 1159 2566; x_wconf 91' lang='lat' dir='ltr'><strong>Filius</strong></span> <span class='ocrx_word' id='word_1_173' title='bbox 1188 2505 1259 2566; x_wconf 91' lang='lat' dir='ltr'><strong>in</strong></span> <span class='ocrx_word' id='word_1_174' title='bbox 1290 2501 1627 2586; x_wconf 84' lang='lat' dir='ltr'><strong>Scriptura</strong></span> <span class='ocrx_word' id='word_1_175' title='bbox 1660 2501 1900 2566; x_wconf 88' lang='lat' dir='ltr'><strong>dicitur</strong></span> <span class='ocrx_word' id='word_1_176' title='bbox 1921 2503 2242 2587; x_wconf 81' lang='lat' dir='ltr'><strong>ChristuS,</strong></span> <span class='ocrx_word' id='word_1_177' title='bbox 2270 2507 2650 2588; x_wconf 81' lang='lat' dir='ltr'><strong>agnoscitur</strong></span> 
     </span>
     <span class='ocr_line' id='line_1_23' title="bbox 290 2604 2650 2689; baseline 0 -19"><span class='ocrx_word' id='word_1_178' title='bbox 290 2604 489 2670; x_wconf 89' lang='lat' dir='ltr'><strong>simul</strong></span> <span class='ocrx_word' id='word_1_179' title='bbox 535 2610 605 2668; x_wconf 89' lang='lat' dir='ltr'><strong>ut</strong></span> <span class='ocrx_word' id='word_1_180' title='bbox 635 2605 947 2687; x_wconf 81' lang='lat' dir='ltr'><strong>Verbum,</strong></span> <span class='ocrx_word' id='word_1_181' title='bbox 984 2610 1049 2668; x_wconf 92' lang='lat' dir='ltr'><strong>et</strong></span> <span class='ocrx_word' id='word_1_182' title='bbox 1074 2624 1303 2669; x_wconf 89' lang='lat' dir='ltr'><strong>rursus</strong></span> <span class='ocrx_word' id='word_1_183' title='bbox 1334 2607 1389 2667; x_wconf 89' lang='lat' dir='ltr'><strong>si</strong></span> <span class='ocrx_word' id='word_1_184' title='bbox 1419 2604 1714 2668; x_wconf 90' lang='lat' dir='ltr'><strong>Verbum</strong></span> <span class='ocrx_word' id='word_1_185' title='bbox 1745 2605 2128 2689; x_wconf 88' lang='lat' dir='ltr'><strong>appellatur,</strong></span> <span class='ocrx_word' id='word_1_186' title='bbox 2164 2605 2650 2670; x_wconf 86' lang='lat' dir='ltr'><strong>demonstratur</strong></span> 
     </span>
     <span class='ocr_line' id='line_1_24' title="bbox 290 2705 2649 2790; baseline 0 -18"><span class='ocrx_word' id='word_1_187' title='bbox 290 2711 495 2772; x_wconf 86' lang='lat' dir='ltr'><strong>etiam</strong></span> <span class='ocrx_word' id='word_1_188' title='bbox 528 2727 671 2772; x_wconf 86' lang='lat' dir='ltr'><strong>esse</strong></span> <span class='ocrx_word' id='word_1_189' title='bbox 703 2706 939 2783; x_wconf 89' lang='lat' dir='ltr'><strong>Filius;</strong></span> <span class='ocrx_word' id='word_1_190' title='bbox 992 2709 1143 2790; x_wconf 88' lang='lat' dir='ltr'><strong>quia</strong></span> <span class='ocrx_word' id='word_1_191' title='bbox 1170 2709 1439 2770; x_wconf 89' lang='lat' dir='ltr'><strong>nomina</strong></span> <span class='ocrx_word' id='word_1_192' title='bbox 1468 2705 1677 2770; x_wconf 90' lang='lat' dir='ltr'><strong>Verbi</strong></span> <span class='ocrx_word' id='word_1_193' title='bbox 1709 2711 1774 2770; x_wconf 91' lang='lat' dir='ltr'><strong>et</strong></span> <span class='ocrx_word' id='word_1_194' title='bbox 1819 2706 1976 2770; x_wconf 90' lang='lat' dir='ltr'><strong>Filii</strong></span> <span class='ocrx_word' id='word_1_195' title='bbox 2016 2727 2150 2772; x_wconf 89' lang='lat' dir='ltr'><strong>non</strong></span> <span class='ocrx_word' id='word_1_196' title='bbox 2181 2707 2346 2772; x_wconf 88' lang='lat' dir='ltr'><strong>duas</strong></span> <span class='ocrx_word' id='word_1_197' title='bbox 2374 2713 2649 2772; x_wconf 88' lang='lat' dir='ltr'><strong>naturas</strong></span> 
     </span>
     <span class='ocr_line' id='line_1_25' title="bbox 288 2806 2643 2892; baseline 0 -20"><span class='ocrx_word' id='word_1_198' title='bbox 288 2829 416 2874; x_wconf 90' lang='lat' dir='ltr'><strong>nec</strong></span> <span class='ocrx_word' id='word_1_199' title='bbox 464 2807 627 2872; x_wconf 90' lang='lat' dir='ltr'><strong>duas</strong></span> <span class='ocrx_word' id='word_1_200' title='bbox 672 2828 985 2892; x_wconf 85' lang='lat' dir='ltr'><strong>personas</strong></span> <span class='ocrx_word' id='word_1_201' title='bbox 1032 2807 1363 2889; x_wconf 86' lang='lat' dir='ltr'><strong>denotant,</strong></span> <span class='ocrx_word' id='word_1_202' title='bbox 1396 2806 1511 2871; x_wconf 88' lang='lat' dir='ltr'><strong>sed</strong></span> <span class='ocrx_word' id='word_1_203' title='bbox 1550 2812 1803 2872; x_wconf 87' lang='lat' dir='ltr'><strong>tantum</strong></span> <span class='ocrx_word' id='word_1_204' title='bbox 1851 2829 1958 2873; x_wconf 91' lang='lat' dir='ltr'><strong>res</strong></span> <span class='ocrx_word' id='word_1_205' title='bbox 2005 2829 2168 2892; x_wconf 88' lang='lat' dir='ltr'><strong>quae</strong></span> <span class='ocrx_word' id='word_1_206' title='bbox 2213 2808 2430 2874; x_wconf 87' lang='lat' dir='ltr'><strong>factae</strong></span> <span class='ocrx_word' id='word_1_207' title='bbox 2477 2817 2643 2875; x_wconf 89' lang='lat' dir='ltr'><strong>sunt.</strong></span> 
     </span>
     <span class='ocr_line' id='line_1_26' title="bbox 287 2910 2647 2995; baseline 0 -19"><span class='ocrx_word' id='word_1_208' title='bbox 287 2911 596 2976; x_wconf 86' lang='lat' dir='ltr'><strong>Christus</strong></span> <span class='ocrx_word' id='word_1_209' title='bbox 626 2914 820 2993; x_wconf 87' lang='lat' dir='ltr'><strong>enim,</strong></span> <span class='ocrx_word' id='word_1_210' title='bbox 849 2913 1014 2975; x_wconf 87' lang='lat' dir='ltr'><strong>sicut</strong></span> <span class='ocrx_word' id='word_1_211' title='bbox 1044 2911 1203 2992; x_wconf 78' lang='lat' dir='ltr'><strong>dixi,</strong></span> <span class='ocrx_word' id='word_1_212' title='bbox 1232 2917 1331 2974; x_wconf 90' lang='lat' dir='ltr'><strong>est</strong></span> <span class='ocrx_word' id='word_1_213' title='bbox 1360 2910 1565 2974; x_wconf 88' lang='lat' dir='ltr'><strong>Filius</strong></span> <span class='ocrx_word' id='word_1_214' title='bbox 1596 2913 1747 2994; x_wconf 90' lang='lat' dir='ltr'><strong>quia</strong></span> <span class='ocrx_word' id='word_1_215' title='bbox 1781 2914 2058 2994; x_wconf 78' lang='lat' dir='ltr'><strong>genituS,</strong></span> <span class='ocrx_word' id='word_1_216' title='bbox 2085 2917 2150 2976; x_wconf 84' lang='lat' dir='ltr'><strong>et</strong></span> <span class='ocrx_word' id='word_1_217' title='bbox 2183 2912 2471 2976; x_wconf 90' lang='lat' dir='ltr'><strong>Verbum</strong></span> <span class='ocrx_word' id='word_1_218' title='bbox 2497 2915 2647 2995; x_wconf 89' lang='lat' dir='ltr'><strong>quia</strong></span> 
     </span>
     <span class='ocr_line' id='line_1_27' title="bbox 288 3010 2643 3097; baseline 0 -21"><span class='ocrx_word' id='word_1_219' title='bbox 288 3010 563 3076; x_wconf 79' lang='lat' dir='ltr'><strong>Patrem</strong></span> <span class='ocrx_word' id='word_1_220' title='bbox 608 3012 933 3076; x_wconf 85' lang='lat' dir='ltr'><strong>revelavit</strong></span> <span class='ocrx_word' id='word_1_221' title='bbox 978 3016 1044 3076; x_wconf 91' lang='lat' dir='ltr'><strong>et</strong></span> <span class='ocrx_word' id='word_1_222' title='bbox 1090 3015 1241 3096; x_wconf 91' lang='lat' dir='ltr'><strong>quia</strong></span> <span class='ocrx_word' id='word_1_223' title='bbox 1272 3012 1511 3095; x_wconf 90' lang='lat' dir='ltr'><strong>absque</strong></span> <span class='ocrx_word' id='word_1_224' title='bbox 1544 3015 1844 3095; x_wconf 87' lang='lat' dir='ltr'><strong>passione</strong></span> <span class='ocrx_word' id='word_1_225' title='bbox 1878 3019 1944 3077; x_wconf 90' lang='lat' dir='ltr'><strong>et</strong></span> <span class='ocrx_word' id='word_1_226' title='bbox 1973 3016 2262 3097; x_wconf 92' lang='lat' dir='ltr'><strong>tempore</strong></span> <span class='ocrx_word' id='word_1_227' title='bbox 2303 3018 2496 3078; x_wconf 88' lang='lat' dir='ltr'><strong>natus</strong></span> <span class='ocrx_word' id='word_1_228' title='bbox 2527 3019 2643 3077; x_wconf 89' lang='lat' dir='ltr'><strong>est.</strong></span> 
     </span>
    </p>

    <p class='ocr_par' dir='ltr' id='par_1_8' title="bbox 284 3114 2649 4629">
     <span class='ocr_line' id='line_1_28' title="bbox 382 3114 2648 3199; baseline 0.001 -21"><span class='ocrx_word' id='word_1_229' title='bbox 382 3114 455 3178; x_wconf 90' lang='lat' dir='ltr'><strong>Si</strong></span> <span class='ocrx_word' id='word_1_230' title='bbox 500 3115 714 3179; x_wconf 89' lang='lat' dir='ltr'><strong>adhuc</strong></span> <span class='ocrx_word' id='word_1_231' title='bbox 761 3119 831 3180; x_wconf 90' lang='grc'><strong>111</strong></span> <span class='ocrx_word' id='word_1_232' title='bbox 876 3135 993 3178; x_wconf 92' lang='lat' dir='ltr'><strong>sua</strong></span> <span class='ocrx_word' id='word_1_233' title='bbox 1041 3117 1345 3198; x_wconf 89' lang='lat' dir='ltr'><strong>opinione</strong></span> <span class='ocrx_word' id='word_1_234' title='bbox 1393 3119 1697 3178; x_wconf 88' lang='lat' dir='ltr'><strong>maneant</strong></span> <span class='ocrx_word' id='word_1_235' title='bbox 1745 3118 1853 3198; x_wconf 89' lang='lat' dir='ltr'><strong>qui</strong></span> <span class='ocrx_word' id='word_1_236' title='bbox 1899 3115 2092 3179; x_wconf 89' lang='lat' dir='ltr'><strong>stulte</strong></span> <span class='ocrx_word' id='word_1_237' title='bbox 2141 3120 2364 3199; x_wconf 88' lang='lat' dir='ltr'><strong>putant</strong></span> <span class='ocrx_word' id='word_1_238' title='bbox 2413 3135 2648 3180; x_wconf 89' lang='lat' dir='ltr'><strong>nomen</strong></span> 
     </span>
     <span class='ocr_line' id='line_1_29' title="bbox 288 3214 2649 3300; baseline 0 -20"><span class='ocrx_word' id='word_1_239' title='bbox 288 3217 452 3281; x_wconf 90' lang='lat' dir='ltr'><strong>Filii</strong></span> <span class='ocrx_word' id='word_1_240' title='bbox 495 3237 637 3280; x_wconf 89' lang='lat' dir='ltr'><strong>esse</strong></span> <span class='ocrx_word' id='word_1_241' title='bbox 684 3214 924 3300; x_wconf 86' lang='lat' dir='ltr'><strong>duplex</strong></span> <span class='ocrx_word' id='word_1_242' title='bbox 984 3220 1051 3280; x_wconf 94' lang='lat' dir='ltr'><strong>et</strong></span> <span class='ocrx_word' id='word_1_243' title='bbox 1096 3215 1257 3279; x_wconf 89' lang='lat' dir='ltr'><strong>duas</strong></span> <span class='ocrx_word' id='word_1_244' title='bbox 1320 3220 1589 3279; x_wconf 86' lang='lat' dir='ltr'><strong>naturas</strong></span> <span class='ocrx_word' id='word_1_245' title='bbox 1650 3215 1984 3298; x_wconf 87' lang='lat' dir='ltr'><strong>denotare,</strong></span> <span class='ocrx_word' id='word_1_246' title='bbox 2050 3218 2604 3300; x_wconf 75' lang='lat' dir='ltr'><strong>respondeamus</strong></span> <span class='ocrx_word' id='word_1_247' title='bbox 2628 3239 2649 3280; x_wconf 90' lang='lat'><strong>.·</strong></span> 
     </span>
     <span class='ocr_line' id='line_1_30' title="bbox 290 3318 2644 3402; baseline 0.001 -20"><span class='ocrx_word' id='word_1_248' title='bbox 290 3320 413 3384; x_wconf 87' lang='lat' dir='ltr'><strong>Ille</strong></span> <span class='ocrx_word' id='word_1_249' title='bbox 462 3321 723 3402; x_wconf 80' lang='lat' dir='ltr'><strong>agnitus</strong></span> <span class='ocrx_word' id='word_1_250' title='bbox 770 3323 867 3382; x_wconf 90' lang='lat' dir='ltr'><strong>est</strong></span> <span class='ocrx_word' id='word_1_251' title='bbox 912 3338 1001 3382; x_wconf 82' lang='lat' dir='ltr'><strong>ex</strong></span> <span class='ocrx_word' id='word_1_252' title='bbox 1045 3318 1243 3382; x_wconf 86' lang='lat' dir='ltr'><strong>Patre</strong></span> <span class='ocrx_word' id='word_1_253' title='bbox 1295 3321 1555 3400; x_wconf 88' lang='lat' dir='ltr'><strong>genitus</strong></span> <span class='ocrx_word' id='word_1_254' title='bbox 1592 3323 1657 3381; x_wconf 88' lang='lat' dir='ltr'><strong>et</strong></span> <span class='ocrx_word' id='word_1_255' title='bbox 1705 3320 1767 3382; x_wconf 86' lang='lat' dir='ltr'><strong>ei</strong></span> <span class='ocrx_word' id='word_1_256' title='bbox 1812 3320 2418 3395; x_wconf 83' lang='lat' dir='ltr'><strong>consubstantialis3</strong></span> <span class='ocrx_word' id='word_1_257' title='bbox 2468 3323 2644 3402; x_wconf 86' lang='lat' dir='ltr'><strong>item,</strong></span> 
     </span>
     <span class='ocr_line' id='line_1_31' title="bbox 290 3420 2647 3503; baseline -0.001 -15"><span class='ocrx_word' id='word_1_258' title='bbox 290 3426 533 3488; x_wconf 87' lang='lat' dir='ltr'><strong>missus</strong></span> <span class='ocrx_word' id='word_1_259' title='bbox 578 3427 677 3486; x_wconf 90' lang='lat' dir='ltr'><strong>est</strong></span> <span class='ocrx_word' id='word_1_260' title='bbox 722 3421 805 3485; x_wconf 87' lang='lat' dir='ltr'><strong>ab</strong></span> <span class='ocrx_word' id='word_1_261' title='bbox 850 3441 929 3486; x_wconf 95' lang='lat' dir='ltr'><strong>eo</strong></span> <span class='ocrx_word' id='word_1_262' title='bbox 976 3425 1041 3484; x_wconf 90' lang='lat' dir='ltr'><strong>et</strong></span> <span class='ocrx_word' id='word_1_263' title='bbox 1087 3420 1169 3485; x_wconf 87' lang='lat' dir='ltr'><strong>ad</strong></span> <span class='ocrx_word' id='word_1_264' title='bbox 1215 3420 1563 3503; x_wconf 86' lang='lat' dir='ltr'><strong>Virginem</strong></span> <span class='ocrx_word' id='word_1_265' title='bbox 1624 3423 1838 3484; x_wconf 83' lang='lat' dir='ltr'><strong>venit:</strong></span> <span class='ocrx_word' id='word_1_266' title='bbox 1905 3425 2276 3485; x_wconf 88' lang='lat' dir='ltr'><strong>sentiuntne</strong></span> <span class='ocrx_word' id='word_1_267' title='bbox 2321 3420 2484 3486; x_wconf 88' lang='lat' dir='ltr'><strong>duas</strong></span> <span class='ocrx_word' id='word_1_268' title='bbox 2528 3442 2647 3486; x_wconf 90' lang='lat' dir='ltr'><strong>na-</strong></span> 
     </span>
     <span class='ocr_line' id='line_1_32' title="bbox 288 3523 2646 3607; baseline 0 -18"><span class='ocrx_word' id='word_1_269' title='bbox 288 3531 481 3590; x_wconf 90' lang='lat' dir='ltr'><strong>turas</strong></span> <span class='ocrx_word' id='word_1_270' title='bbox 526 3545 615 3588; x_wconf 81' lang='lat' dir='ltr'><strong>ex</strong></span> <span class='ocrx_word' id='word_1_271' title='bbox 660 3544 739 3588; x_wconf 92' lang='lat' dir='ltr'><strong>eo</strong></span> <span class='ocrx_word' id='word_1_272' title='bbox 785 3527 1043 3607; x_wconf 87' lang='lat' dir='ltr'><strong>genitas</strong></span> <span class='ocrx_word' id='word_1_273' title='bbox 1088 3543 1231 3588; x_wconf 89' lang='lat' dir='ltr'><strong>esse</strong></span> <span class='ocrx_word' id='word_1_274' title='bbox 1278 3526 1463 3606; x_wconf 90' lang='lat' dir='ltr'><strong>eique</strong></span> <span class='ocrx_word' id='word_1_275' title='bbox 1512 3543 1653 3587; x_wconf 88' lang='lat' dir='ltr'><strong>esse</strong></span> <span class='ocrx_word' id='word_1_276' title='bbox 1699 3523 2304 3607; x_wconf 68' lang='lat' dir='ltr'><strong>consubstantiales»,</strong></span> <span class='ocrx_word' id='word_1_277' title='bbox 2337 3530 2404 3588; x_wconf 91' lang='lat' dir='ltr'><strong>et</strong></span> <span class='ocrx_word' id='word_1_278' title='bbox 2449 3545 2537 3590; x_wconf 83' lang='lat' dir='ltr'><strong>ex</strong></span> <span class='ocrx_word' id='word_1_279' title='bbox 2569 3546 2646 3589; x_wconf 93' lang='lat' dir='ltr'><strong>eo</strong></span> 
     </span>
     <span class='ocr_line' id='line_1_33' title="bbox 288 3625 2648 3712; baseline -0.001 -18"><span class='ocrx_word' id='word_1_280' title='bbox 288 3630 537 3694; x_wconf 82' lang='lat' dir='ltr'><strong>exiisse</strong></span> <span class='ocrx_word' id='word_1_281' title='bbox 585 3632 655 3691; x_wconf 92' lang='lat' dir='ltr'><strong>ut</strong></span> <span class='ocrx_word' id='word_1_282' title='bbox 688 3626 771 3691; x_wconf 84' lang='lat' dir='ltr'><strong>ad</strong></span> <span class='ocrx_word' id='word_1_283' title='bbox 802 3627 1082 3691; x_wconf 88' lang='lat' dir='ltr'><strong>Mariam</strong></span> <span class='ocrx_word' id='word_1_284' title='bbox 1112 3625 1459 3690; x_wconf 66' lang='lat' dir='ltr'><strong>venirent?</strong></span> <span class='ocrx_word' id='word_1_285' title='bbox 1506 3626 1687 3709; x_wconf 87' lang='lat' dir='ltr'><strong>Ergo</strong></span> <span class='ocrx_word' id='word_1_286' title='bbox 1720 3645 1806 3690; x_wconf 79' lang='lat' dir='ltr'><strong>ex</strong></span> <span class='ocrx_word' id='word_1_287' title='bbox 1837 3626 2022 3690; x_wconf 89' lang='lat' dir='ltr'><strong>caelo</strong></span> <span class='ocrx_word' id='word_1_288' title='bbox 2054 3632 2153 3690; x_wconf 91' lang='lat' dir='ltr'><strong>est</strong></span> <span class='ocrx_word' id='word_1_289' title='bbox 2183 3630 2381 3692; x_wconf 89' lang='lat' dir='ltr'><strong>etiam</strong></span> <span class='ocrx_word' id='word_1_290' title='bbox 2413 3647 2648 3712; x_wconf 90' lang='lat' dir='ltr'><strong>corpus</strong></span> 
     </span>
     <span class='ocr_line' id='line_1_34' title="bbox 288 3727 2647 3814; baseline -0 -19"><span class='ocrx_word' id='word_1_291' title='bbox 288 3733 439 3795; x_wconf 89' lang='lat' dir='ltr'><strong>eius</strong></span> <span class='ocrx_word' id='word_1_292' title='bbox 470 3735 535 3794; x_wconf 91' lang='lat' dir='ltr'><strong>et</strong></span> <span class='ocrx_word' id='word_1_293' title='bbox 566 3729 1117 3794; x_wconf 85' lang='lat' dir='ltr'><strong>consubstantiale</strong></span> <span class='ocrx_word' id='word_1_294' title='bbox 1149 3733 1247 3792; x_wconf 89' lang='lat' dir='ltr'><strong>est</strong></span> <span class='ocrx_word' id='word_1_295' title='bbox 1278 3729 1411 3794; x_wconf 89' lang='lat' dir='ltr'><strong>Deo</strong></span> <span class='ocrx_word' id='word_1_296' title='bbox 1442 3733 1507 3792; x_wconf 91' lang='lat' dir='ltr'><strong>et</strong></span> <span class='ocrx_word' id='word_1_297' title='bbox 1538 3727 1768 3792; x_wconf 67' lang='lat' dir='ltr'><strong>Patri?</strong></span> <span class='ocrx_word' id='word_1_298' title='bbox 1799 3727 1935 3792; x_wconf 91' lang='lat' dir='ltr'><strong>Cur</strong></span> <span class='ocrx_word' id='word_1_299' title='bbox 1965 3749 2128 3813; x_wconf 87' lang='lat' dir='ltr'><strong>ergo</strong></span> <span class='ocrx_word' id='word_1_300' title='bbox 2160 3730 2647 3814; x_wconf 87' lang='lat' dir='ltr'><strong>reprehendunt</strong></span> 
     </span>
     <span class='ocr_line' id='line_1_35' title="bbox 287 3831 2647 3916; baseline -0.001 -18"><span class='ocrx_word' id='word_1_301' title='bbox 287 3833 717 3898; x_wconf 86' lang='lat' dir='ltr'><strong>Valentinum</strong></span> <span class='ocrx_word' id='word_1_302' title='bbox 780 3836 845 3896; x_wconf 87' lang='lat' dir='ltr'><strong>et</strong></span> <span class='ocrx_word' id='word_1_303' title='bbox 904 3831 1347 3896; x_wconf 85' lang='lat' dir='ltr'><strong>Bardesanem</strong></span> <span class='ocrx_word' id='word_1_304' title='bbox 1408 3834 1734 3915; x_wconf 87' lang='lat' dir='ltr'><strong>etiamque</strong></span> <span class='ocrx_word' id='word_1_305' title='bbox 1795 3831 2140 3916; x_wconf 83' lang='lat' dir='ltr'><strong>Eutychen</strong></span> <span class='ocrx_word' id='word_1_306' title='bbox 2199 3832 2368 3916; x_wconf 89' lang='lat' dir='ltr'><strong>quod</strong></span> <span class='ocrx_word' id='word_1_307' title='bbox 2421 3851 2647 3898; x_wconf 89' lang='lat' dir='ltr'><strong>omnes</strong></span> 
     </span>
     <span class='ocr_line' id='line_1_36' title="bbox 288 3932 2645 4018; baseline 0 -20"><span class='ocrx_word' id='word_1_308' title='bbox 288 3934 783 4000; x_wconf 86' lang='lat' dir='ltr'><strong>hallucinentur</strong></span> <span class='ocrx_word' id='word_1_309' title='bbox 828 3939 893 3998; x_wconf 86' lang='lat' dir='ltr'><strong>et</strong></span> <span class='ocrx_word' id='word_1_310' title='bbox 940 3933 1160 3999; x_wconf 90' lang='lat' dir='ltr'><strong>dicant</strong></span> <span class='ocrx_word' id='word_1_311' title='bbox 1204 3953 1441 4018; x_wconf 89' lang='lat' dir='ltr'><strong>corpus</strong></span> <span class='ocrx_word' id='word_1_312' title='bbox 1477 3932 1726 3998; x_wconf 90' lang='lat' dir='ltr'><strong>Christi</strong></span> <span class='ocrx_word' id='word_1_313' title='bbox 1757 3954 1842 3998; x_wconf 82' lang='lat' dir='ltr'><strong>ex</strong></span> <span class='ocrx_word' id='word_1_314' title='bbox 1890 3934 2075 3998; x_wconf 85' lang='lat' dir='ltr'><strong>caelo</strong></span> <span class='ocrx_word' id='word_1_315' title='bbox 2121 3954 2287 4017; x_wconf 86' lang='lat' dir='ltr'><strong>esse,</strong></span> <span class='ocrx_word' id='word_1_316' title='bbox 2335 3940 2400 3998; x_wconf 90' lang='lat' dir='ltr'><strong>et</strong></span> <span class='ocrx_word' id='word_1_317' title='bbox 2447 3939 2645 4000; x_wconf 88' lang='lat' dir='ltr'><strong>etiam</strong></span> 
     </span>
     <span class='ocr_line' id='line_1_37' title="bbox 288 4035 2646 4120; baseline -0 -19"><span class='ocrx_word' id='word_1_318' title='bbox 288 4036 461 4102; x_wconf 90' lang='lat' dir='ltr'><strong>alios</strong></span> <span class='ocrx_word' id='word_1_319' title='bbox 508 4035 675 4120; x_wconf 89' lang='lat' dir='ltr'><strong>quod</strong></span> <span class='ocrx_word' id='word_1_320' title='bbox 720 4036 1123 4120; x_wconf 88' lang='lat' dir='ltr'><strong>proclament</strong></span> <span class='ocrx_word' id='word_1_321' title='bbox 1168 4055 1436 4100; x_wconf 85' lang='lat' dir='ltr'><strong>carnem</strong></span> <span class='ocrx_word' id='word_1_322' title='bbox 1484 4055 1572 4100; x_wconf 83' lang='lat' dir='ltr'><strong>ex</strong></span> <span class='ocrx_word' id='word_1_323' title='bbox 1618 4035 1832 4100; x_wconf 90' lang='lat' dir='ltr'><strong>Maria</strong></span> <span class='ocrx_word' id='word_1_324' title='bbox 1893 4035 2116 4100; x_wconf 88' lang='lat' dir='ltr'><strong>Verbo</strong></span> <span class='ocrx_word' id='word_1_325' title='bbox 2169 4056 2310 4100; x_wconf 87' lang='lat' dir='ltr'><strong>esse</strong></span> <span class='ocrx_word' id='word_1_326' title='bbox 2373 4037 2646 4100; x_wconf 89' lang='lat' dir='ltr'><strong>consub-</strong></span> 
     </span>
     <span class='ocr_line' id='line_1_38' title="bbox 288 4136 2645 4220; baseline -0.001 -15"><span class='ocrx_word' id='word_1_327' title='bbox 288 4138 712 4206; x_wconf 66' lang='lat' dir='ltr'><strong>stantialem?</strong></span> <span class='ocrx_word' id='word_1_328' title='bbox 759 4139 1027 4220; x_wconf 90' lang='lat' dir='ltr'><strong>Verum,</strong></span> <span class='ocrx_word' id='word_1_329' title='bbox 1075 4158 1195 4204; x_wconf 87' lang='lat' dir='ltr'><strong>nos</strong></span> <span class='ocrx_word' id='word_1_330' title='bbox 1240 4137 1478 4202; x_wconf 89' lang='lat' dir='ltr'><strong>talibus</strong></span> <span class='ocrx_word' id='word_1_331' title='bbox 1532 4136 1846 4202; x_wconf 87' lang='lat' dir='ltr'><strong>doctrinis</strong></span> <span class='ocrx_word' id='word_1_332' title='bbox 1891 4157 2024 4202; x_wconf 90' lang='grc'>11011</span> <span class='ocrx_word' id='word_1_333' title='bbox 2071 4141 2483 4220; x_wconf 84' lang='lat' dir='ltr'><strong>assentimur,</strong></span> <span class='ocrx_word' id='word_1_334' title='bbox 2531 4139 2645 4202; x_wconf 90' lang='lat' dir='ltr'><strong>sed</strong></span> 
     </span>
     <span class='ocr_line' id='line_1_39' title="bbox 288 4239 2644 4324; baseline -0.002 -16"><span class='ocrx_word' id='word_1_335' title='bbox 288 4263 409 4308; x_wconf 89' lang='lat' dir='ltr'><strong>eas</strong></span> <span class='ocrx_word' id='word_1_336' title='bbox 452 4247 526 4306; x_wconf 86' lang='lat' dir='ltr'><strong>ut</strong></span> <span class='ocrx_word' id='word_1_337' title='bbox 570 4239 881 4324; x_wconf 86' lang='lat' dir='ltr'><strong>figmenta</strong></span> <span class='ocrx_word' id='word_1_338' title='bbox 928 4239 1272 4304; x_wconf 88' lang='lat' dir='ltr'><strong>stultarum</strong></span> <span class='ocrx_word' id='word_1_339' title='bbox 1330 4241 1639 4302; x_wconf 89' lang='lat' dir='ltr'><strong>mentium</strong></span> <span class='ocrx_word' id='word_1_340' title='bbox 1700 4243 1766 4302; x_wconf 89' lang='lat' dir='ltr'><strong>et</strong></span> <span class='ocrx_word' id='word_1_341' title='bbox 1811 4258 2106 4322; x_wconf 86' lang='lat' dir='ltr'><strong>paganas</strong></span> <span class='ocrx_word' id='word_1_342' title='bbox 2167 4239 2500 4304; x_wconf 85' lang='lat' dir='ltr'><strong>doctrinas</strong></span> <span class='ocrx_word' id='word_1_343' title='bbox 2545 4243 2644 4304; x_wconf 91' lang='lat' dir='ltr'><strong>in-</strong></span> 
     </span>
     <span class='ocr_line' id='line_1_40' title="bbox 288 4340 2643 4426; baseline -0.001 -17"><span class='ocrx_word' id='word_1_344' title='bbox 288 4347 759 4426; x_wconf 87' lang='lat' dir='ltr'><strong>ventionesque</strong></span> <span class='ocrx_word' id='word_1_345' title='bbox 783 4341 1169 4406; x_wconf 91' lang='lat' dir='ltr'><strong>daemonum</strong></span> <span class='ocrx_word' id='word_1_346' title='bbox 1194 4341 1526 4405; x_wconf 74' lang='lat' dir='ltr'><strong>habemus,</strong></span> <span class='ocrx_word' id='word_1_347' title='bbox 1555 4341 1719 4404; x_wconf 90' lang='lat' dir='ltr'><strong>Nam</strong></span> <span class='ocrx_word' id='word_1_348' title='bbox 1738 4340 2082 4424; x_wconf 82' lang='lat' dir='ltr'><strong>credimuS,</strong></span> <span class='ocrx_word' id='word_1_349' title='bbox 2109 4340 2643 4425; x_wconf 79' lang='lat' dir='ltr'><strong>quemadmodum</strong></span> 
     </span>
     <span class='ocr_line' id='line_1_41' title="bbox 286 4442 2642 4530; baseline -0.002 -18"><span class='ocrx_word' id='word_1_350' title='bbox 286 4449 661 4530; x_wconf 88' lang='lat' dir='ltr'><strong>accepimus</strong></span> <span class='ocrx_word' id='word_1_351' title='bbox 706 4465 743 4508; x_wconf 88' lang='lat' dir='ltr'><strong>e</strong></span> <span class='ocrx_word' id='word_1_352' title='bbox 788 4445 1005 4509; x_wconf 88' lang='lat' dir='ltr'><strong>Libris</strong></span> <span class='ocrx_word' id='word_1_353' title='bbox 1036 4446 1279 4508; x_wconf 87' lang='lat' dir='ltr'><strong>sanctis</strong></span> <span class='ocrx_word' id='word_1_354' title='bbox 1310 4449 1376 4508; x_wconf 89' lang='lat' dir='ltr'><strong>et</strong></span> <span class='ocrx_word' id='word_1_355' title='bbox 1406 4463 1492 4506; x_wconf 84' lang='lat' dir='ltr'><strong>ex</strong></span> <span class='ocrx_word' id='word_1_356' title='bbox 1538 4446 1635 4507; x_wconf 90' lang='grc'><strong>015</strong></span> <span class='ocrx_word' id='word_1_357' title='bbox 1667 4445 1776 4526; x_wconf 92' lang='lat' dir='ltr'><strong>qui</strong></span> <span class='ocrx_word' id='word_1_358' title='bbox 1814 4442 1962 4508; x_wconf 87' lang='lat' dir='ltr'><strong>illos</strong></span> <span class='ocrx_word' id='word_1_359' title='bbox 2010 4449 2186 4508; x_wconf 86' lang='lat' dir='ltr'><strong>recte</strong></span> <span class='ocrx_word' id='word_1_360' title='bbox 2224 4449 2288 4508; x_wconf 94' lang='lat' dir='ltr'><strong>et</strong></span> <span class='ocrx_word' id='word_1_361' title='bbox 2335 4450 2642 4508; x_wconf 87' lang='lat' dir='ltr'><strong>accurate</strong></span> 
     </span>
     <span class='ocr_line' id='line_1_42' title="bbox 284 4544 2646 4629; baseline -0.003 -15"><span class='ocrx_word' id='word_1_362' title='bbox 284 4548 781 4629; x_wconf 81' lang='lat' dir='ltr'><strong>intellexerunt,</strong></span> <span class='ocrx_word' id='word_1_363' title='bbox 830 4546 1039 4610; x_wconf 87' lang='lat' dir='ltr'><strong>beatis</strong></span> <span class='ocrx_word' id='word_1_364' title='bbox 1085 4545 1409 4628; x_wconf 90' lang='lat' dir='ltr'><strong>Patribus,</strong></span> <span class='ocrx_word' id='word_1_365' title='bbox 1474 4546 1677 4608; x_wconf 90' lang='lat' dir='ltr'><strong>Deum</strong></span> <span class='ocrx_word' id='word_1_366' title='bbox 1725 4544 1806 4608; x_wconf 92' lang='lat' dir='ltr'><strong>de</strong></span> <span class='ocrx_word' id='word_1_367' title='bbox 1868 4546 2020 4627; x_wconf 92' lang='lat' dir='ltr'><strong>Deo,</strong></span> <span class='ocrx_word' id='word_1_368' title='bbox 2083 4545 2321 4610; x_wconf 91' lang='lat' dir='ltr'><strong>Filium</strong></span> <span class='ocrx_word' id='word_1_369' title='bbox 2367 4546 2646 4611; x_wconf 86' lang='lat' dir='ltr'><strong>consub-</strong></span> 
     </span>
    </p>
   </div>
   <div class='ocr_carea' id='block_1_8' title="bbox 2703 2109 2918 2178">
    <p class='ocr_par' dir='ltr' id='par_1_9' title="bbox 2703 2109 2918 2178">
     <span class='ocr_line' id='line_1_43' title="bbox 2703 2109 2918 2178; baseline 0.005 -17"><span class='ocrx_word' id='word_1_370' title='bbox 2703 2122 2760 2178; x_wconf 83' lang='lat' dir='ltr'><strong>p.</strong></span> <span class='ocrx_word' id='word_1_371' title='bbox 2799 2109 2918 2162; x_wconf 86' lang='lat'><strong>191.</strong></span> 
     </span>
    </p>
   </div>
  </div>
 </body>
</html>
