3400 5642
1224 524 1348 610 ——2-2(
1404 521 1531 587 129
1580 523 1704 610 >x—

280 663 673 731 vivificavit.
706 667 850 732 Non
896 669 1072 731 enim
1120 687 1237 751 per
1280 663 1491 731 illudz'
1530 686 1566 730 «
1591 667 1667 730 111
1699 669 2019 751 principio
2049 665 2232 732 *erat
2265 669 2555 733 Verbum
2581 692 2641 753 »‚
2698 690 2752 746 p.
2789 676 2910 732 171.

285 767 509 832 denuo
538 772 750 833 creati
780 789 1019 852 sumuS,
1054 768 1167 833 sed
1198 789 1317 852 per
1346 769 1549 833 istud:
1590 789 1626 832 ε(
1650 769 1941 834 Verbum
1983 789 2140 834 caro
2172 769 2417 834 factum
2448 777 2547 835 est
2580 793 2640 837 ».

282 868 478 941 Quod
524 873 755 936 reiecit
799 871 1191 953 haereticuS‚
1224 891 1382 935 suae
1431 877 1496 935 et
1529 875 1818 935 omnium
1864 871 2199 935 hominum
2232 871 2430 937 saluti
2475 877 2644 938 invi-

284 970 473 1053 dens,
522 977 587 1036 et
634 971 777 1037 loco
822 976 1011 1037 istius
1055 972 1123 1036 id
1172 995 1207 1035 «
1244 973 1574 1038 hominem
1628 976 1974 1057 assumpsit
2006 994 2042 1037 >›
2093 973 2475 1039 introduxit.
2527 975 2644 1040 Ille

200 1091 229 1134 5
284 1076 487 1156 enim,
514 1078 571 1138 si
617 1074 861 1138 dixerit
915 1075 1207 1139 Verbum
1238 1095 1505 1140 carnem
1537 1078 1903 1160 sumpsisse,
1937 1075 2266 1140 hominem
2298 1081 2644 1160 sumpsisse

280 1175 634 1258 intellegit,
682 1195 815 1240 non
863 1182 1079 1245 autem
1126 1175 1193 1240 id
1240 1176 1409 1261 quod
1454 1196 1573 1240 nos
1618 1175 1964 1240 credimus
2014 1176 2157 1240 Non
2212 1180 2386 1241 enim
2419 1181 2646 1243 existi-

283 1296 545 1342 mamus
589 1277 792 1341 Deum
839 1281 909 1342 in
939 1278 1241 1362 Virgine,
1288 1281 1456 1343 sicut
1484 1281 1555 1341 in
1602 1278 1750 1342 aliis
1781 1278 2181 1362 mulieribUS,
2232 1298 2499 1343 carnem
2532 1286 2645 1345 aut

281 1379 621 1444 hominem
652 1383 763 1463 qui
791 1400 925 1444 non
957 1380 1333 1462 exsistebat,
1368 1379 1707 1462 formasse,
1743 1401 2013 1464 eumque
2047 1383 2467 1465 assumpsisse
2498 1387 2643 1446 tan-

282 1485 427 1544 tum
474 1485 660 1550 utin
706 1501 785 1546 eo
817 1482 1181 1558 habitaret;
1218 1482 1332 1546 sed
1362 1481 1748 1546 confitemur
1780 1482 2089 1566 Verbum,
2125 1483 2292 1566 quod
2323 1485 2494 1548 Deus
2524 1491 2640 1567 est,

178 1585 229 1632 1⁰
283 1583 442 1664 quia
488 1583 696 1647 voluit
740 1583 1037 1648 homines
1082 1581 1251 1648 filios
1296 1583 1415 1648 Dei
1458 1582 1700 1665 facere,
1751 1603 1820 1647 se
1868 1586 2243 1648 exinanisse
2291 1591 2356 1649 et
2400 1584 2643 1650 factum

284 1704 431 1748 esse
464 1704 733 1749 carnem
767 1691 957 1770 atque
992 1685 1279 1770 perfecte
1311 1686 1810 1750 inhumanatum
1842 1685 2063 1768 fuisse,
2096 1692 2168 1750 ut
2201 1693 2402 1752 totum
2437 1688 2644 1753 homi-

284 1806 443 1850 nem
488 1789 557 1850 111
604 1808 675 1851 se
722 1787 935 1854 denuo
966 1794 1245 1853 crearet.
1293 1789 1377 1852 Et
1406 1791 1558 1872 quia
1590 1787 1881 1852 Verbum
1928 1791 1998 1851 in
2029 1789 2218 1853 nobis
2263 1789 2508 1855 factum
2547 1797 2644 1856 est

284 1888 505 1970 homo,
553 1907 675 1953 nos
718 1893 787 1953 in
835 1910 913 1954 eo
960 1889 1246 1955 deificati
1292 1910 1530 1973 sumus,
1578 1889 1700 1953 filii
1745 1891 1864 1955 Dei
1911 1896 1976 1954 et
2028 1891 2248 1955 Patris
2292 1891 2469 1956 facti.
2519 1893 2646 1956 Ne·—

284 1993 533 2055 storius
578 1990 836 2074 quidem
868 1991 1037 2056 dixit
1066 2012 1333 2057 carnem
1366 1992 1607 2057 factam
1648 2012 1790 2056 esse
1823 1997 1890 2057 et
1922 1992 2212 2057 Verbum
2245 1996 2313 2056 in
2345 2013 2424 2058 ea
2457 1995 2645 2058 habi-

182 2099 233 2142 15
286 2098 499 2169 tasse;
548 2093 877 2158 Iohannes
920 2115 1083 2158 vero
1129 2094 1419 2158 Verbum
1450 2094 1695 2160 factum
1743 2115 1884 2159 esse
1932 2115 2198 2160 carnem
2245 2102 2313 2160 et
2357 2099 2424 2159 in
2456 2097 2645 2160 nobis

284 2194 641 2260 habitasse.
690 2195 1029 2260 Nestorius
1078 2217 1115 2260 ⁴<
1148 2195 1295 2260 fieri
1328 2219 1365 2258 »
1430 2200 1616 2261 carni
1661 2196 1910 2278 tribuit,
1960 2199 2110 2280 quia
2157 2200 2214 2260 si
2259 2216 2416 2261 caro
2462 2201 2644 2282 prius

284 2294 466 2360 facta
513 2300 597 2360 sit
642 2301 711 2360 in
758 2317 882 2380 qua
931 2296 1221 2361 Verbum
1260 2298 1683 2380 habitaverit,
1733 2317 1910 2381 caro,
1960 2317 2092 2362 non
2122 2297 2434 2380 Verbum,
2483 2305 2640 2363 nata

284 2403 405 2480 est,
452 2403 610 2463 nam
656 2405 833 2483 patet
880 2399 1049 2483 quod
1094 2403 1409 2464 nativitas
1458 2422 1493 2463 «
1529 2398 1674 2464 fieri
1709 2422 1744 2464 »
1796 2403 2230 2483 consequitur.

375 2499 446 2564 Si
492 2500 783 2564 Verbum
833 2505 1214 2585 agnoscitur
1259 2505 1441 2586 prius
1487 2502 1570 2566 ad
1617 2502 1965 2586 Virginem
2011 2505 2271 2567 venisse
2319 2508 2384 2567 et
2429 2523 2516 2566 ex
2561 2523 2642 2567 ea

178 2608 234 2650 2⁰
287 2621 408 2685 per
438 2601 750 2686 Spiritum
782 2609 1077 2667 sanctum
1108 2607 1523 2668 incarnatum
1556 2609 1621 2668 et
1651 2604 2148 2668 inhumanatum
2181 2603 2402 2687 fuisse,
2429 2605 2644 2669 Maria

284 2724 447 2768 vere
496 2704 863 2770 confitenda
910 2711 1007 2769 est
1053 2707 1171 2770 Dei
1234 2709 1543 2789 genitrix.
1593 2707 1874 2790 Etenim,
1917 2706 2453 2791 quemadmodum
2500 2727 2646 2772 sae-

285 2811 433 2891 pius
479 2807 722 2872 dictum
769 2814 885 2891 est,
926 2812 1307 2892 quicumque
1339 2812 1633 2874 nascitur
1664 2813 1845 2893 prius
1875 2808 1947 2873 fit
1978 2816 2044 2874 et
2073 2815 2296 2892 postea
2327 2812 2641 2892 nascitur,

286 2915 351 2973 et
398 2910 641 2974 exinde
689 2911 1055 2994 appellatur
1113 2909 1286 2974 filius
1340 2910 1515 2976 illius
1560 2931 1726 2995 quae
1789 2933 1937 2976 eum
1985 2914 2176 2995 parit,
2233 2913 2400 2975 sicut
2445 2915 2644 2976 etiam

286 3013 461 3076 Deus
506 3011 797 3076 Verbum
837 3019 1109 3078 vocatus
1139 3019 1240 3077 est
1268 3012 1441 3076 filius
1472 3014 1773 3097 Virginis
1804 3019 2070 3098 propter
2099 3016 2510 3078 nativitatem
2545 3033 2647 3078 se-

182 3117 234 3162 25
288 3114 571 3177 cundum
598 3134 900 3179 carnem:
940 3137 975 3178 «
1001 3115 1267 3199 Peperit
1298 3113 1501 3179 filium
1534 3135 1722 3179 suum
1754 3118 2280 3199 primogenitum,
2315 3120 2380 3179 et
2411 3119 2644 3199 pannis

286 3236 437 3279 eum
486 3215 782 3298 involvit,
832 3222 898 3282 et
945 3217 1295 3281 reclinavit
1354 3237 1503 3280 eum
1564 3220 1635 3280 in
1680 3213 2068 3301 praesepiol
2107 3237 2175 3292 »;
2241 3222 2305 3281 et
2351 3216 2646 3300 Angelus

286 3315 457 3381 dixit
504 3317 589 3382 ad
633 3318 867 3402 Ioseph
895 3318 954 3382 2:
1009 3341 1044 3381 «
1079 3317 1309 3402 Surge,
1351 3323 1417 3382 et
1464 3322 1685 3403 accipe
1719 3338 2010 3402 puerum,
2059 3324 2125 3382 et
2156 3324 2435 3382 matrem
2482 3321 2641 3401 eius,

286 3425 351 3482 et
397 3419 555 3502 fuge
604 3423 671 3483 in
704 3420 1077 3506 Aegyptum
1104 3443 1163 3486 ».
1198 3421 1477 3504 Etenim,
1512 3428 1662 3485 ante
1695 3421 1868 3485 hanc
1899 3423 2312 3484 nativitatem
2350 3420 2644 3485 Verbum

286 3528 434 3586 erat
480 3527 733 3586 tantum
780 3524 951 3587 Deus
996 3527 1061 3587 et
1108 3543 1195 3588 ex
1240 3523 1445 3604 *De03
1496 3543 1641 3588 cum
1690 3528 1908 3587 autem
1956 3541 2112 3587 caro
2159 3521 2403 3586 factum
2449 3528 2547 3586 est
2579 3529 2645 3587 et
2698 3551 2752 3607 p.
2789 3538 2909 3591 172.

182 3626 234 3670 30
285 3630 534 3706 natum,
558 3651 563 3656 ·
584 3628 879 3708 agnitum
927 3633 1027 3690 est
1058 3629 1255 3690 etiam
1289 3626 1483 3690 homo
1514 3631 1580 3690 et
1626 3646 1712 3689 ex
1745 3625 2037 3706 muliere,
2069 3645 2203 3690 non
2249 3647 2410 3690 vero
2450 3627 2644 3692 homo

286 3730 354 3790 in
403 3746 529 3810 quo
577 3727 747 3790 Deus
793 3728 1048 3792 habitat
1094 3731 1261 3792 sicut
1308 3728 1379 3791 111
1426 3726 1666 3792 dicunt.
1717 3728 1861 3792 Non
1908 3731 2083 3791 enim
2122 3731 2380 3812 scripsit
2425 3729 2643 3793 Evan-

286 3829 523 3912 gelista
556 3829 845 3892 Verbum
900 3851 935 3894 ‹<
969 3830 1371 3895 habitavisse
1404 3834 1473 3893 in
1506 3831 1768 3895 homine
1797 3853 1855 3914 »,
1889 3830 2000 3894 sed
2038 3851 2074 3894 ‹<
2101 3851 2368 3895 carnem
2399 3831 2641 3896 factum

285 3951 429 3995 esse
478 3937 543 3995 et
590 3934 993 3998 habitavisse
1039 3935 1108 3996 in
1152 3933 1344 3997 nobis
1370 3954 1427 3996 ».
1479 3933 1561 3995 Et
1592 3935 1649 3996 si
1679 3937 1902 3996 tamen
1931 3953 2064 3996 non
2098 3934 2645 4016 apprehendimus

284 4035 605 4117 quomodo
649 4035 961 4117 Verbum,
1011 4055 1157 4099 cum
1204 4038 1573 4116 exsisteret,
1623 4054 1782 4099 caro
1812 4033 2058 4098 factum
2089 4039 2192 4118 sit,
2233 4055 2365 4100 non
2411 4040 2645 4101 mirari

184 4142 236 4188 35
289 4136 617 4202 debemus,
666 4138 799 4201 Res
845 4141 1019 4201 enim
1066 4140 1451 4222 mysterium
1482 4142 1582 4201 est
1628 4142 1693 4200 et
1740 4136 2108 4220 prodigium
2155 4156 2416 4220 novum,
2452 4144 2642 4223 atque

289 4242 461 4303 actio
508 4259 671 4322 quae
719 4239 1114 4304 naturaliter
1159 4240 1292 4302 Deo
1322 4258 1456 4302 non
1502 4241 1828 4303 convenit.
1864 4238 1945 4301 Et
1978 4258 2123 4303 cum
2155 4242 2238 4302 sit
2271 4257 2403 4303 non
2436 4240 2642 4304 solum

285 4340 493 4405 bonus
538 4347 603 4405 et
652 4344 1026 4406 misericors
1057 4340 1172 4404 sed
1204 4343 1399 4405 etiam
1435 4340 1626 4405 fortis
1657 4346 1723 4404 et
1755 4343 2180 4423 omnipotenS,
2214 4339 2420 4404 voluit
2451 4342 2646 4405 inhu-

376 4565 393 4593 ¹
422 4565 581 4627 Luc„
614 4577 676 4628 11,
710 4565 764 4619 7.
804 4591 867 4602 -
910 4563 931 4594 ²
958 4565 1221 4628 ΜΛΝ-11,
1259 4577 1317 4627 11,
1358 4563 1443 4617 13.

498 4728 638 4770 sxa.
676 4745 743 4754 —
781 4729 834 4769 B.
872 4745 941 4754 -
980 4727 1168 4770 xxvn.
2393 4716 2428 4768 9
