3400 5642
1681 539 1793 623 -a
1839 537 1926 600 ⁷8
1973 540 2084 626 ›x—

699 686 917 746 autem
965 683 1035 744 in
1065 685 1255 746 utero
1302 685 1651 767 conceptus
1697 685 1798 745 est
1829 685 1894 747 et
1939 684 2009 744 in
2048 701 2128 746 eo
2172 679 2296 746 fuit
2327 701 2444 766 per
2488 701 2726 748 novem
2771 701 3048 764 menseS,

700 786 867 848 sicut
911 803 1051 866 nOS,
1100 782 1258 848 dicit
1302 783 1548 848 Paulus
1592 803 1741 848 eum
1787 786 2160 867 intravisse,
2209 787 2376 848 sicut
2420 787 2948 869 primogenitum,
2981 785 3053 848 in

699 890 1083 951 creaturas:
1139 906 1176 949 ‹<
1208 885 1373 950 Cum
1418 885 1789 951 introducet
1849 888 2357 970 primogenitum
2418 889 2489 949 in
2535 887 2760 951 orbem
2805 892 3048 962 terrae,

699 985 1069 1052 adorabunt
1100 1008 1251 1052 eum
1296 1007 1523 1052 omnes
1566 987 1858 1071 Angeli¹
1895 1009 1954 1054 ».
2003 986 2121 1052 Ille
2167 989 2443 1052 intravit
2470 1008 2606 1053 non
2651 1008 2771 1073 per
2799 994 3055 1074 partem

698 1095 975 1174 tantum,
1009 1111 1131 1156 nec
1176 1110 1296 1176 per
1342 1089 1746 1155 voluntatem
1793 1095 2068 1174 tantum,
2118 1088 2232 1154 sed
2277 1095 2451 1154 totus
2496 1091 2954 1175 personaliter,
2989 1098 3054 1156 et
3127 1107 3159 1152 5

699 1191 911 1258 factus
957 1198 1055 1257 est
1103 1191 1409 1276 quidquid
1454 1210 1575 1256 nos
1606 1210 1834 1256 omnes
1879 1211 2120 1273 sumus,
2153 1196 2418 1276 praeter
2462 1197 2831 1276 peccatum:
2883 1191 3051 1276 quod

698 1313 906 1379 neque
953 1300 1195 1360 natura
1242 1300 1341 1360 est
1385 1313 1593 1378 neque
1627 1295 1770 1358 eius
1813 1296 2081 1358 creati0.
2131 1293 2216 1358 Et
2245 1293 2488 1358 Paulus
2533 1296 3054 1359 exinanitionem

698 1400 963 1462 vocavit
995 1395 1163 1481 quod
1210 1399 1493 1481 primum
1541 1395 1625 1460 ad
1671 1396 2020 1480 Virginem
2066 1399 2268 1479 venit,
2311 1400 2377 1460 et
2421 1416 2554 1460 non
2599 1401 2854 1461 tantum
2885 1396 3054 1480 quod

698 1500 893 1564 homo
942 1518 1027 1564 ex
1073 1518 1154 1564 ea
1199 1497 1413 1563 factus
1476 1503 1593 1563 est.
1644 1497 2012 1582 Apostolus,
2076 1497 2246 1563 haec
2299 1501 2370 1562 in
2415 1503 2632 1563 mente
2680 1498 3050 1580 revolvenS,

698 1604 1019 1686 cogitavit
1066 1601 1384 1685 quomodo
1415 1600 1547 1684 ille,
1582 1603 1692 1686 qui
1724 1603 1944 1665 omnia
1985 1600 2210 1686 implet
2241 1606 2307 1665 et
2337 1603 2629 1666 continet
2673 1600 2828 1665 licet
2871 1601 3052 1666 nullo
3110 1615 3162 1660 10

698 1707 1135 1786 contineatur,
1185 1703 1269 1768 ad
1313 1704 1662 1788 Virginem
1692 1705 1955 1767 venerit
2001 1707 2065 1766 et
2110 1705 2182 1767 in
2227 1723 2308 1767 ea
2339 1703 2760 1786 habitaverit,
2785 1723 2918 1768 non
2951 1723 3053 1768 so-

699 1807 835 1872 lum
882 1807 1254 1872 voluntarie
1286 1805 1401 1870 sed
1432 1809 1634 1870 etiam
1664 1805 2119 1890 personaliter.
2155 1805 2341 1871 Hanc
2372 1825 2514 1870 rem
2560 1808 2856 1889 miratus,
2905 1825 3054 1871 eam

700 1911 965 1976 vocavit
1032 1911 1551 1974 exinanitionem
1622 1914 1688 1976 et
1755 1907 1840 1972 ad
1923 1907 2393 1992 Philippensem
2466 1908 2813 1994 discipulos
2881 1929 3050 1991 suoS,

702 2012 871 2077 dixit
902 2011 970 2077 2:
1025 2032 1061 2074 (ι
1094 2011 1233 2076 Hoc
1296 2013 1531 2076 sentite
1578 2014 1649 2074 in
1711 2011 1900 2076 vobis
1945 2009 2112 2094 quod
2174 2016 2239 2074 et
2283 2014 2355 2074 in
2399 2011 2663 2076 Christo
2708 2011 2874 2088 Iesu,
2924 2014 3051 2095 qui,

700 2135 847 2180 cum
894 2117 965 2178 in
1009 2113 1223 2178 forma
1270 2113 1390 2178 Dei
1448 2119 1637 2195 esset,
1683 2133 1816 2178 non
1881 2116 2184 2197 rapinam
2245 2113 2604 2178 arbitratus
2649 2119 2748 2178 est
2793 2135 2936 2178 esse
2983 2135 3054 2179 se
3114 2124 3164 2170 15

432 2216 643 2288 P·100·
702 2216 1042 2300 aequalem
1088 2216 1261 2292 Deo;
1320 2214 1434 2280 sed
1477 2213 1932 2300 *semetipsum
1979 2217 2350 2280 exinanivit
2394 2214 2676 2280 formam
2721 2220 2900 2281 servi
2947 2237 3055 2282 ac-

700 2322 949 2403 cipiens
995 2321 1064 2382 in
1135 2317 1625 2382 similitudinem
1678 2318 2018 2382 hominum
2078 2316 2290 2382 factus
2337 2323 2403 2382 et
2456 2318 2685 2382 habitu
2747 2322 3056 2383 inventus

701 2428 775 2485 ut
818 2421 1014 2486 homo
1040 2443 1099 2485 ».
1173 2420 1556 2484 Exinanitio
1618 2439 1754 2484 non
1807 2425 2154 2503 reputatur
2200 2418 2368 2502 quod
2413 2419 2620 2484 Filius
2665 2420 2924 2485 dicatur
2983 2424 3060 2486 in

700 2523 901 2588 Patre
948 2527 1324 2598 contentus;
1390 2524 1541 2605 quia
1573 2524 1993 2586 existimatur
2034 2524 2362 2586 contineri
2390 2524 2463 2585 in
2501 2542 2580 2586 eo
2611 2525 2719 2586 cui
2765 2523 3058 2606 aequalis

700 2631 800 2690 est
846 2624 1195 2690 secundum
1246 2627 1617 2690 essentiam.
1652 2624 1986 2689 Personae
2028 2626 2202 2688 enim
2250 2623 2514 2688 divinae
2562 2625 2740 2689 solae
2788 2630 3056 2709 possunt
3111 2645 3168 2688 20

700 2748 771 2792 se
817 2730 1103 2793 invicem
1150 2729 1519 2803 continere;
1571 2728 1723 2809 quia
1767 2745 1962 2791 nemo
2003 2725 2272 2789 Patrem
2317 2729 2624 2810 excipere
2671 2731 2881 2810 potest
2925 2730 3058 2791 nisi

698 2829 924 2913 Filius,
974 2835 1039 2895 et
1098 2849 1291 2894 nemo
1351 2828 1591 2893 Filium
1651 2833 1880 2894 tenere
1941 2832 2150 2912 potest
2195 2829 2325 2891 nisi
2368 2828 2600 2905 Pater3
2665 2828 2794 2894 hae
2849 2831 3058 2913 igitur

699 2951 1021 3018 personae
1052 2936 1306 2996 tantum
1338 2952 1407 2997 se
1440 2933 1725 2996 invicem
1763 2935 1990 2995 tenent
2021 2937 2087 2994 et
2117 2933 2472 3014 continent,
2505 2931 2621 2996 sed
2650 2931 2831 2998 nullo
2863 2931 3054 2996 modo

701 3031 784 3094 ab
810 3030 1027 3116 aliqua
1052 3036 1360 3094 creatura
1391 3031 1718 3094 contineri
1741 3035 2026 3112 possunt,
2054 3031 2205 3111 quia
2236 3033 2582 3094 creaturae
2607 3050 2834 3095 omnes
2862 3032 2933 3093 in
2958 3033 3056 3093 eis

700 3131 1177 3198 concluduntur
1208 3136 1274 3196 et
1304 3133 1740 3195 continentur.
1767 3129 1997 3196 Nullus
2028 3133 2204 3194 enim
2235 3134 2415 3195 sinus
2444 3130 2749 3215 nullaque
2788 3137 3050 3214 natura,
3111 3153 3168 3198 25

700 3239 966 3320 praeter
1010 3239 1317 3298 naturam
1362 3233 1582 3297 Patris
1627 3232 1854 3314 solam,
1882 3235 2188 3317 excipere
2234 3237 2444 3317 potest
2488 3233 2781 3297 Verbum
2827 3234 3052 3316 Deum,

701 3334 869 3420 quod
914 3342 1014 3401 est
1057 3335 1245 3399 Patri
1289 3333 1844 3399 consubstantiale
1887 3336 2073 3417 eique
2106 3334 2377 3418 aequale
2423 3337 2495 3398 in
2533 3335 2850 3399 omnibus.
2885 3333 3055 3407 Quia

699 3438 906 3502 voluit
952 3458 1021 3502 se
1070 3439 1417 3502 exinanire
1449 3441 1521 3500 ut
1566 3434 1938 3500 vivificaret
1969 3441 2034 3501 et
2065 3457 2135 3500 se
2183 3435 2526 3501 demittere
2558 3442 2629 3501 ut
2675 3437 3049 3520 redimeret,

699 3540 903 3604 alium
948 3541 1180 3621 sinum,
1222 3539 1525 3624 Virginis
1556 3538 1826 3622 scilicet,
1875 3539 2002 3602 sibi
2044 3541 2294 3623 petivit,
2329 3544 2393 3603 et
2439 3541 2509 3603 in
2555 3559 2633 3604 eo
2680 3540 3051 3605 voluntarie

698 3662 768 3706 se
795 3642 1129 3708 conclusit.
1158 3641 1351 3706 Sinus
1379 3641 1601 3705 Patris
1633 3640 1794 3705 illud
1819 3643 2109 3705 continet
2133 3641 2487 3706 secundum
2510 3647 2836 3726 naturam,
2872 3645 3051 3706 sinus
3111 3661 3170 3707 30

701 3764 860 3810 vero
890 3745 1193 3828 Virginis
1239 3742 1593 3808 secundum
1624 3743 2030 3808 voluntatem
2062 3746 2220 3808 eius,
2268 3744 2352 3809 Et
2398 3749 2496 3809 est
2540 3763 2700 3809 vere
2748 3743 3050 3809 mirabile

700 3865 1015 3931 omneque
1069 3846 1345 3910 verbum
1406 3851 1759 3930 exsuperat
1813 3844 1999 3930 quod,
2048 3845 2403 3911 secundum
2461 3851 2788 3930 naturam,
2852 3848 3052 3910 etiam

697 3948 910 4031 Virgo
952 3947 1189 4032 aliique
1222 3950 1403 4012 sinus
1434 3950 1504 4012 in
1535 3967 1613 4012 eo
1646 3947 1952 4012 dicuntur
1983 3967 2157 4012 esse:
2197 3945 2359 4032 quia
2391 3949 2562 4012 Deus
2593 3951 2813 4012 omnia
2845 3950 3053 4013 conti-

696 4054 830 4133 net,
863 4049 1042 4114 nullo
1089 4053 1308 4114 autem
1355 4052 1747 4113 continetur.
1783 4048 1969 4114 Nunc
2015 4055 2282 4135 propter
2327 4051 2864 4132 exinanitionem,
2912 4052 3050 4134 ipse

698 4150 1135 4236 personaliter
1162 4150 1491 4216 habitavit
1523 4155 1587 4214 et
1619 4150 1961 4215 conclusus
1993 4155 2090 4215 est
2121 4153 2190 4215 in
2221 4151 2529 4236 Virgine;
2557 4155 2651 4217 ita
2674 4157 2898 4216 tamen
2920 4171 3054 4216 non
3113 4174 3176 4218 35

698 4257 797 4318 est
828 4252 1170 4318 conclusus
1197 4257 1271 4316 ut
1300 4272 1435 4318 non
1464 4255 1550 4317 sit
1580 4255 1782 4317 etiam
1813 4252 2048 4336 ubique
2079 4258 2150 4316 ut
2181 4251 2490 4318 infinitus.
2518 4254 2798 4337 Etenim,
2825 4273 3058 4319 secun—

700 4354 853 4418 dum
876 4373 1220 4439 personam
1246 4373 1415 4419 unus
1438 4353 1732 4419 creditur
1753 4352 1925 4438 apud
1947 4359 2290 4438 utrumque
2315 4357 2548 4439 sinum,
2561 4355 2781 4420 Patris
2803 4355 3055 4422 scilicet

794 4575 1033 4640 ¹Hebr„
1068 4589 1108 4639 1,
1144 4575 1180 4629 6
1222 4605 1281 4616 -
1323 4574 1346 4606 ²
1371 4574 1663 4645 Philam„
1703 4589 1762 4640 11,
1802 4575 1913 4630 5-7.
