3400 5642
411 875 468 932 p.
506 861 629 922 271,

1630 509 1742 592 ἐκ(
1790 507 1922 570 200
1967 513 2079 597 ›x—

683 655 749 714 et
794 655 893 714 est
938 671 1135 735 supra
1179 651 1509 734 thronum,
1558 655 1665 735 qui
1726 659 2026 737 portatur
2070 659 2138 718 in
2183 654 2353 718 ulnis
2399 657 2464 717 et
2513 649 2851 738 [sustinet]
2885 655 3033 714 uni-

686 773 898 835 versa,
970 756 1078 836 qui
1146 757 1319 837 sugit
1387 754 1491 819 lac
1550 760 1615 819 et
1641 806 1854 831 ......
1925 759 2062 842 [qui
2122 757 2394 842 patitur]
2465 756 3030 819 circumcisionem

688 853 784 942 [et
810 906 997 920 .....
1002 858 1051 940 ],
1100 859 1209 940 qui
1240 854 1429 920 offert
1456 858 1745 923 *hostias
1777 866 1840 924 et
1873 864 2168 945 accipere
2201 859 2595 944 [oblationes
2619 906 2810 920 .....
2818 855 2872 943 ],
2923 859 3032 939 qui

685 963 1025 1042 reputatur
1092 979 1238 1022 cum
1306 962 1757 1044 peccatoribus
1817 983 1964 1027 cum
2025 966 2160 1046 ipse
2221 961 2506 1026 dimittat
2567 964 2853 1044 peccata,
2925 963 3034 1042 qui

683 1060 1049 1143 baptizatur
1093 1063 1162 1122 in
1210 1064 1395 1144 aquis
1440 1066 1505 1125 et
1536 1062 1761 1146 implet
1789 1083 1910 1128 nos
1935 1111 2566 1128 ...............
2575 1111 2591 1143 ‚
2649 1059 2879 1147 [filius]
2937 1060 3034 1124 di-
3085 1071 3118 1113 5

682 1161 906 1243 lectuS‚
956 1165 1063 1244 qui
1109 1169 1209 1226 est
1252 1165 1321 1225 in
1367 1166 1664 1246 passione
1698 1169 1764 1228 et
1794 1170 2016 1229 manet
2046 1163 2482 1250 irnpassibiliS‚
2518 1166 2626 1246 qui
2665 1163 3032 1245 [experitur

682 1268 957 1328 mortem
1027 1284 1175 1328 cum
1244 1264 1517 1352 habeat]
1588 1266 2166 1350 immortalitatem,
2232 1270 2340 1351 qui
2400 1265 2643 1349 diripit,
2714 1269 3031 1348 quatenus

683 1371 993 1449 mortuuS,
1042 1368 1388 1432 thesauros
1446 1377 1553 1432 τοῦ
1598 1370 1629 1432 s
1650 1368 1687 1433 ὅ
1713 1369 1799 1433 01
1860 1373 2212 1454 mortisque
2263 1375 2327 1434 et
2381 1370 2655 1451 habitat,
2712 1372 3031 1451 quatenus

683 1471 892 1550 vivus,
941 1472 1009 1531 in
1055 1468 1257 1532 caelis
1302 1469 1653 1552 caelorum,
1703 1474 1812 1554 qui
1858 1471 2324 1535 adnumeratus
2371 1475 2468 1534 est
2515 1473 2790 1534 mortuis
2829 1472 2898 1532 in
2931 1488 3030 1532 se-

683 1571 909 1654 pulcro
956 1575 1021 1635 et
1082 1572 1165 1635 ab
1229 1591 1307 1636 eo
1368 1575 1658 1637 surrexit
1703 1576 1902 1638 tertia
1949 1573 2054 1638 die
2101 1577 2171 1637 in
2235 1574 2448 1657 gloria
2502 1573 2724 1636 Patris
2786 1574 2887 1635 sui
2931 1570 3029 1634 fa-

684 1679 947 1757 ctusque
995 1679 1093 1738 est
1124 1675 1207 1738 ab
1239 1693 1336 1757 e0‚
1370 1678 1537 1740 sicut
1584 1679 1894 1759 scriptum
1942 1681 2038 1740 est
2077 1675 2117 1759 ¹,
2167 1677 2475 1740 Dominus
2522 1679 2926 1739 mortuorum
2968 1677 3033 1737 et

682 1778 1017 1839 vivorum:
1069 1778 1177 1859 qui
1222 1782 1320 1840 est
1365 1777 1601 1860 ubique
1648 1782 1714 1840 et
1745 1780 1813 1840 in
1847 1778 2145 1842 omnibus
2177 1798 2262 1842 ex
2295 1778 2616 1841 Trinitate
2643 1776 3032 1859 Unigenitus

682 1877 887 1941 Filius
933 1878 1080 1942 Dei:
1130 1881 1255 1962 ipsi
1303 1879 1535 1962 gloria,
1586 1884 1650 1943 et
1696 1882 1838 1943 eius
1883 1880 2069 1944 Patri
2123 1885 2188 1944 et
2249 1879 2519 1964 Spiritui
2581 1881 2723 1943 eius
2785 1882 3029 1959 sanct0‚

684 2000 853 2045 nunc
900 1988 967 2046 et
1010 2002 1284 2066 semper,
1333 1988 1398 2046 et
1442 1986 1513 2045 in
1560 1982 1822 2047 saecula
1869 1983 2297 2048 saeculorum.
2347 1982 2576 2047 Amen.

778 2191 795 2222 ¹
840 2191 1023 2253 Rom„
1048 2205 1171 2254 xw,
1198 2193 1249 2245 9.

1707 2505 2012 2560 Expmcm

3087 1583 3150 1627 lo
