3400 5642
164 1109 196 1152 5

142 1615 199 1660 10

148 2127 203 2171 15

1204 537 1320 625 ἢ(
1375 535 1671 624 12η»-

254 680 509 746 factum
556 683 656 744 sit.
705 680 890 754 Quod
950 699 1085 746 non
1138 683 1232 746 ita
1292 680 1537 745 factum
1583 683 1667 744 sit
1729 685 1982 745 tantum
2043 677 2448 764 confitemur,
2497 679 2611 744 sed

255 784 579 868 quomodo
624 783 869 849 factum
900 789 999 848 est
1039 803 1173 848 non
1219 802 1555 868 possumus
1600 789 1907 848 statuere.

345 886 655 969 Rursum,
702 885 1053 970 Apostolus
1114 885 1193 950 de
1242 885 1463 950 Verbo
1508 888 1854 950 incarnato
1908 885 2076 950 dixit
2102 883 2168 949 .¹:
2225 904 2262 948 «
2309 884 2612 950 Christus

254 1009 383 1054 nos
428 988 704 1054 redemit
750 987 829 1052 de
878 988 1225 1054 maledicto
1269 987 1456 1072 legis,
1506 991 1657 1072 quia
1703 987 1914 1053 factus
1960 993 2057 1052 est
2104 1008 2222 1073 pro
2251 987 2442 1053 nobis
2474 1007 2610 1052 ma-

252 1090 567 1156 ledictum
600 1112 659 1155 ».
710 1089 838 1156 Sed
883 1093 991 1174 qui
1036 1089 1197 1155 illud
1246 1111 1281 1152 ‹
1315 1090 1527 1155 factus
1565 1095 1663 1154 est
1696 1116 1730 1148 ι»
1768 1109 1886 1174 per
1915 1089 2086 1154 istud
2122 1111 2158 1152 «
2191 1093 2536 1174 assumpsit
2571 1114 2606 1154 »

250 1192 606 1276 explicant,
642 1192 865 1258 dicunt
910 1213 1055 1256 eum
1088 1192 1335 1257 factum
1366 1212 1508 1257 esse
1539 1211 1808 1257 carnem
1839 1195 2006 1257 sicut
2035 1191 2248 1257 factus
2277 1197 2376 1256 est
2407 1192 2610 1257 male-

255 1295 535 1371 dictum;
586 1298 770 1380 quasi
794 1295 1120 1362 dicerent:
1159 1298 1360 1360 etiam
1390 1295 1482 1358 ibi
1514 1313 1782 1360 carnem
1831 1297 2252 1378 assumpsisse
2283 1315 2416 1359 non
2447 1315 2610 1360 vero

253 1395 505 1460 factum
550 1415 693 1461 esse
739 1398 1047 1472 noscitur,
1098 1399 1265 1460 sicut
1310 1395 1417 1460 hic
1465 1394 1880 1460 maledictum
1929 1399 2200 1480 sumpsit
2227 1415 2360 1460 non
2391 1401 2608 1460 autem

252 1497 472 1562 factus
516 1502 631 1562 est.
658 1498 803 1563 Non
850 1503 1068 1562 autem
1100 1501 1263 1563 sicut
1294 1498 1382 1574 hi,
1423 1497 1584 1562 illud
1613 1496 2084 1562 intellexerunt
2113 1499 2324 1562 sancti
2354 1497 2605 1574 PatreS,

251 1619 378 1664 nec
426 1599 840 1684 explicarunt
887 1600 1048 1665 illud
1096 1621 1132 1664 ⁴<
1180 1600 1393 1666 factus
1438 1605 1537 1664 est
1582 1621 1619 1664 »
1678 1619 1797 1684 per
1841 1599 2015 1664 istud
2065 1620 2102 1664 «
2152 1601 2497 1686 assumpsit
2543 1621 2603 1676 2»,

252 1702 386 1778 sed,
438 1707 509 1766 ut
556 1701 975 1767 ostenderent
1020 1703 1313 1767 Verbum
1368 1702 1611 1767 factum
1668 1722 1810 1767 esse
1857 1721 2127 1767 carnem
2181 1702 2424 1786 absque
2470 1724 2609 1767 mu-

255 1807 529 1880 tatione,
580 1808 650 1868 in
696 1808 1079 1870 memoriam
1126 1805 1526 1889 redegerunt
1572 1825 1720 1882 eum
1767 1803 2012 1868 factum
2059 1825 2200 1869 esse
2250 1825 2368 1889 pro
2421 1805 2610 1871 nobis

252 1905 693 1983 maledictum,
743 1927 889 1972 cum
933 1912 1155 1972 tamen
1200 1910 1271 1970 in
1317 1907 1734 1972 maledictum
1779 1926 1913 1971 non
1959 1925 2348 1972 conversum
2387 1907 2606 1972 fuerit.

341 2009 485 2073 Duo
532 2028 695 2093 ergo
731 2030 767 2073 ⁴<
799 2008 946 2074 fieri
972 2031 1007 2074 »
1042 2008 1387 2074 didicimus
1420 2029 1459 2074 a
1490 2011 1736 2073 sanctis
1781 2007 2134 2092 Scripturis
2163 2009 2608 2094 intellegenda

254 2131 413 2176 esse·
448 2110 529 2175 de
575 2111 765 2188 Iesu,·
788 2111 955 2177 Filio
1002 2113 1151 2176 Dei:
1202 2131 1400 2175 unum
1445 2114 1516 2174 in
1562 2113 1770 2187 initio,
1820 2110 2138 2175 *alterum
2184 2115 2448 2177 veroin
2477 2110 2606 2176 fine

253 2212 759 2298 dispensationis
805 2217 1203 2299 agnoscitur.
1253 2213 1438 2286 Quod
1468 2219 1567 2278 est
1611 2215 1682 2276 in
1713 2215 1920 2289 initio,
1961 2217 2060 2278 est
2090 2211 2194 2282 id:
2247 2234 2283 2277 ⁴<
2315 2214 2606 2278 Verbum

253 2335 413 2380 caro
460 2315 704 2380 factum
753 2323 853 2381 est
898 2322 963 2381 et
1006 2317 1333 2381 habita-vit
1378 2319 1448 2380 in
1494 2315 1714 2392 nohis;
1752 2338 1787 2381 »
1837 2318 1908 2380 in
1938 2314 2068 2380 fine
2093 2334 2261 2380 vero
2303 2322 2402 2380 est
2446 2315 2606 2380 illud

256 2417 425 2500 quod
472 2417 641 2482 dixit
687 2419 962 2484 Paulus:
1016 2440 1052 2482 «
1085 2418 1385 2483 Christus
1430 2437 1549 2482 nos
1596 2418 1874 2483 redemit
1921 2418 1998 2482 de
2040 2417 2388 2483 maledicto
2417 2418 2603 2502 legiS,

253 2520 467 2586 factus
514 2543 631 2607 pro
676 2522 867 2586 nobis
913 2520 1327 2586 maledictum
1363 2542 1420 2584 ».
1472 2521 1710 2585 Factus
1756 2527 1854 2585 est
1899 2541 2056 2586 caro
2087 2527 2158 2585 ut
2189 2521 2608 2587 maledictum

256 2627 459 2688 etiam
503 2622 652 2688 fieri
696 2629 928 2709 posset.
963 2622 1365 2708 Impossibile
1412 2625 1585 2688 enim
1634 2628 1780 2687 erat
1827 2643 1976 2688 eum
2014 2621 2162 2688 fieri
2191 2623 2608 2688 maledictum

252 2727 383 2790 nisi
427 2729 611 2811 prius
657 2747 815 2792 caro
860 2725 1066 2791 fieret.
1116 2725 1193 2790 In
1224 2730 1496 2810 utroque
1528 2745 1686 2790 casu
1717 2729 2132 2810 agnoscimus
2163 2747 2310 2792 eum
2343 2731 2609 2812 propter

252 2848 373 2892 nos
420 2829 666 2894 factum
714 2849 875 2894 esse.
924 2830 1205 2915 Propter
1256 2848 1375 2894 nos
1429 2832 1602 2894 enim
1655 2827 1868 2893 factus
1915 2834 2013 2894 est
2059 2849 2237 2911 caro,
2286 2833 2435 2914 quia
2483 2830 2608 2894 sibi

254 2935 319 2994 et
363 2937 635 3016 propter
680 2953 749 2996 se
797 2935 1063 3016 spiritus
1108 2937 1207 2996 est
1254 2936 1319 2996 et
1366 2932 1553 2996 Deus.
1588 2932 1669 2996 Et
1717 2951 1995 3014 rursum,
2029 2952 2148 3016 pro
2177 2933 2368 2997 nobis
2396 2931 2608 2996 factus

256 3038 353 3096 est
400 3033 838 3111 maledictum,
889 3037 1039 3119 quia
1084 3035 1211 3099 sibi
1256 3038 1321 3100 et
1366 3040 1633 3119 propter
1676 3054 1748 3098 se
1802 3037 2034 3099 vivens
2079 3039 2178 3099 est
2225 3039 2288 3099 et
2341 3037 2608 3099 immor·

255 3135 427 3199 talis.
478 3134 563 3199 Et
606 3141 949 3221 utrumque
994 3155 1225 3202 verum
1272 3141 1402 3212 est3
1452 3156 1585 3200 non
1632 3136 1839 3200 solum
1886 3155 1923 3200 e
1968 3138 2342 3202 testimonio
2379 3136 2610 3200 Libro-

254 3257 421 3314 rum,
472 3238 585 3303 sed
633 3241 833 3302 etiam
880 3259 915 3303 e
962 3239 1159 3304 rebus
1204 3241 1377 3323 ipsis,
1427 3239 1721 3303 Verbum
1777 3241 1950 3302 enim
2005 3257 2162 3302 vere
2216 3237 2462 3303 factum
2509 3246 2606 3304 est

254 3359 429 3416 caro,
481 3340 633 3405 licet
679 3341 1033 3406 secundum
1078 3347 1385 3406 naturam
1430 3361 1613 3406 suam
1660 3343 1928 3425 spiritus
1973 3343 2056 3404 sit
2102 3346 2168 3405 et
2219 3344 2608 3425 incomposi-

255 3448 410 3506 tum.
466 3441 545 3505 Et
591 3463 871 3520 rursum,
936 3463 1093 3508 vere
1141 3443 1386 3508 factum
1433 3449 1531 3507 est
1592 3441 2027 3519 maledictum,
2085 3442 2151 3506 id
2213 3448 2327 3518 est,
2379 3446 2608 3526 mortis

255 3564 487 3628 capax,
535 3543 707 3620 licet,
756 3548 827 3608 in
874 3549 1185 3630 quantum
1232 3547 1613 3628 agnoscitur
1657 3545 1845 3620 Deus
1881 3547 2374 3628 incompositum
2413 3549 2478 3609 et
2508 3548 2607 3608 vi-

255 3665 418 3710 vens
468 3651 531 3710 et
576 3646 945 3712 immortale
993 3649 1093 3713 sit.
1135 3646 1212 3711 In
1244 3650 1527 3712 essentia
1560 3647 1816 3731 quidem
1849 3667 1966 3711 sua
1997 3666 2130 3711 non
2161 3651 2306 3710 erat
2339 3646 2407 3711 id
2441 3647 2608 3731 quod

253 3746 500 3812 factum
548 3753 663 3825 est,
712 3748 827 3813 sed
871 3751 941 3814 in
988 3769 1069 3814 ea
1116 3755 1261 3814 erat
1308 3750 1479 3813 Deus
1524 3755 1589 3814 et
1636 3750 1946 3814 Dominus
1992 3753 2058 3813 et
2102 3747 2398 3833 SpirituS,
2441 3751 2606 3814 sicut

254 3849 459 3915 Pater
502 3871 589 3915 ex
636 3872 759 3935 quo
812 3858 927 3916 est.
977 3850 1151 3917 Caro
1213 3871 1375 3916 vero
1436 3851 1680 3916 factum
1729 3857 1844 3928 est,
1895 3851 1962 3915 id
2013 3856 2112 3916 est
2172 3851 2387 3928 homo,
2439 3851 2606 3936 quod

255 3956 317 4014 et
368 3971 495 4017 nos
556 3973 793 4017 sumus.
858 3953 1068 4018 Simili
1129 3953 1319 4018 modo
1380 3973 1513 4017 non
1576 3958 1722 4018 erat
1777 3952 2192 4018 maledictum
2253 3952 2606 4018 secundum

254 4059 585 4132 naturam,
632 4075 753 4120 nec
800 4061 1068 4140 propter
1111 4058 1706 4138 transgressionem
1751 4055 1938 4138 legiS,
1986 4075 2110 4120 nec
2156 4061 2424 4140 propter
2459 4075 2606 4141 pec-

154 4169 209 4216 35
258 4161 493 4234 catum,
544 4157 657 4222 sed
704 4160 870 4223 sicut
914 4157 1157 4224 factum
1206 4164 1304 4222 est
1350 4177 1525 4234 caro,
1576 4157 1744 4242 quod
1774 4156 1859 4222 ad
1889 4157 2314 4234 voluntatem,
2357 4177 2490 4223 non
2523 4158 2607 4222 ad

256 4264 565 4324 naturam
610 4263 828 4345 ipsius,
878 4264 1179 4346 pertinet.
1228 4260 1618 4325 Voluntarie
1666 4263 1842 4324 enim
1889 4281 1957 4324 se
1997 4260 2255 4325 demisit
2287 4265 2359 4324 ut
2397 4261 2604 4326 homo

261 4381 294 4422 «
326 4357 519 4425 fieret
542 4383 603 4443 »,
635 4381 757 4426 nec
803 4361 1199 4426 naturaliter
1229 4365 1327 4426 est
1357 4359 1425 4425 id
1464 4360 1631 4445 quod
1662 4361 1906 4425 factum
1937 4367 2053 4426 est.
2102 4361 2202 4427 Ita
2248 4367 2314 4426 et
2359 4360 2606 4426 factum

346 4603 359 4631 ¹
407 4603 562 4664 Gal,
600 4616 680 4658 111.
724 4601 803 4656 13.

2663 2130 2718 2186 p.
2753 2115 2876 2172 161.
