3400 5642
444 797 501 854 p.
536 784 655 840 192.

436 3863 491 3918 p.
530 3848 645 3901 193.

1655 531 1772 616 4⁴(
1825 530 1952 595 144
2003 531 2118 616 >n—

712 673 1085 738 stantialem
1132 675 1265 738 Deo
1310 674 1516 756 Patri,
1565 675 1650 739 ab
1694 695 1775 739 eo
1815 677 2082 740 missum
2113 695 2277 757 esse,
2325 678 2492 741 sicut
2521 675 2766 740 Paulus
2811 675 3067 751 docuit;

710 795 983 860 eumque
1030 775 1439 840 descendisse
1485 774 1765 862 *absque
1827 779 2188 842 mutatione
2235 776 2316 842 de
2363 777 2567 861 cae10,
2617 780 2784 842 sicut
2829 779 3070 842 Patres

710 878 1051 954 dixerunt3
1102 883 1167 943 et
1212 881 1627 944 incarnatum
1680 899 1824 944 esse
1887 878 1966 944 de
2013 878 2259 963 Spiritu
2321 885 2547 946 sancto
2593 887 2660 944 et
2703 899 2790 944 ex
2849 879 3067 944 Maria

710 982 991 1064 virgine,
1040 985 1105 1044 et
1150 980 1649 1045 inhumanatum
1694 1001 1837 1045 esse
1877 983 2033 1064 quin
2085 980 2430 1066 duplicitas
2475 984 2538 1046 ei
2585 981 2918 1065 acciderit,
2954 987 3070 1046 aut

709 1083 1183 1147 incrementum
1244 1085 1589 1167 receperit,
1654 1088 1768 1148 aut
1831 1083 1950 1148 sub
1995 1103 2342 1147 numerum
2401 1083 2732 1166 ceciderit,
2796 1082 2910 1148 sed
2957 1086 3069 1167 qui

708 1187 905 1247 antea
966 1189 1033 1248 et
1093 1203 1180 1248 ex
1239 1184 1439 1248 Patre
1502 1188 1887 1268 agnoscitur
1945 1185 2136 1266 Deu8‚
2201 1184 2376 1250 idem
2435 1188 2818 1268 agnoscitur
2869 1186 3068 1250 homo

708 1305 796 1349 ex
840 1285 1055 1350 Maria
1100 1289 1363 1370 virgine
1426 1307 1543 1371 per
1588 1290 2128 1368 exinanitionem,
2169 1293 2344 1352 totus
2389 1290 2458 1352 in
2505 1287 2618 1353 illo
2665 1293 2732 1352 et
2775 1293 2949 1352 totus
2995 1291 3068 1351 in

708 1387 851 1469 hoo,
900 1385 1071 1451 idem
1118 1392 1183 1451 et
1228 1407 1397 1451 unus
1442 1391 1511 1452 in
1558 1393 1870 1471 quantum
1917 1390 2088 1452 Deus
2133 1395 2232 1454 est
2279 1395 2344 1453 et
2389 1391 2458 1452 in
2505 1394 2815 1472 quantum
2869 1389 3066 1454 homo

708 1494 1027 1577 apparuit.
1082 1493 1158 1555 Et
1204 1495 1261 1555 si
1308 1491 1583 1555 dicimus
1626 1511 1778 1555 eum
1838 1492 2084 1556 factum
2145 1511 2308 1573 esse,
2364 1511 2511 1556 cum
2560 1512 2598 1555 ⁴<
2631 1490 2778 1555 fieri
2811 1513 2846 1554 »
2915 1511 3066 1555 eum

706 1597 907 1658 etiam
952 1593 1545 1659 immutabilitatem
1590 1593 1988 1658 naturaliter
2033 1594 2386 1677 possidere,
2433 1613 2702 1659 necesse
2735 1599 2832 1658 est
2871 1594 3066 1658 intel-

706 1695 1022 1779 legamuS,
1048 1717 1133 1761 ex
1165 1716 1289 1781 qua
1338 1699 1758 1779 consequitur
1801 1698 2002 1760 etiam
2049 1716 2218 1778 eum,
2249 1717 2396 1761 cum
2443 1696 2656 1761 factus
2701 1701 2800 1761 est
2843 1696 3060 1778 hom0,

706 1799 909 1863 Deum
956 1803 1296 1882 mansisse,
1330 1805 1413 1881 et,
1448 1819 1597 1864 cum
1642 1802 2028 1863 incarnatus
2073 1806 2190 1882 est,
2223 1799 2516 1864 Verbum
2562 1801 2940 1884 perstitisse,
2975 1805 3062 1882 et,

706 1921 857 1965 cum
902 1920 1255 1985 corporeus
1284 1901 1499 1966 factus
1530 1907 1649 1983 est,
1682 1899 1998 1984 Spiritum
2043 1905 2503 1985 permansisse,
2536 1907 2622 1984 et,
2655 1921 2804 1967 cum
2849 1904 3067 1966 incor-

706 2007 973 2086 poratus
1018 2008 1134 2085 est,
1170 2003 1527 2087 simplicem
1572 2005 1872 2086 agnitum
1917 2022 2088 2066 esse.

794 2105 933 2170 Hoc
978 2108 1363 2189 mysterium
1402 2104 1794 2190 profundum
1825 2110 1924 2168 est
1969 2109 2036 2168 et
2067 2104 2548 2188 inexplicabile,
2582 2105 2816 2170 subtile
2865 2110 2930 2169 et
2963 2108 3061 2169 in-

706 2207 1078 2289 scrutabile,
1128 2212 1193 2271 et
1240 2206 1687 2271 absconditum
1735 2209 1996 2270 etiamsi
2041 2209 2457 2270 existimetur
2501 2207 2883 2272 revelatum.
2919 2206 3064 2270 Non

706 2313 881 2374 enim
927 2315 999 2373 ut
1044 2309 1543 2392 intellegeretur
1595 2308 1962 2374 revelatum
1994 2313 2111 2391 est,
2145 2308 2260 2372 sed
2305 2314 2376 2373 ut
2407 2308 3064 2393 incomprehensibile

708 2419 1197 2495 agnosceretur.
1248 2411 1316 2475 Si
1346 2413 1521 2476 enim
1554 2414 1980 2494 incorporeus
2025 2416 2124 2475 est
2169 2413 2278 2495 qui
2309 2431 2664 2495 corporeus
2700 2411 2914 2476 factus
2943 2417 3062 2494 est,

708 2520 773 2578 et
818 2514 1095 2597 simplex
1140 2517 1249 2598 qui
1294 2516 1685 2597 compositus
1717 2518 1834 2594 est,
1869 2517 1934 2578 et
1963 2513 2257 2577 Verbum
2291 2513 2459 2596 quod
2489 2516 2904 2578 incarnatum
2942 2521 3061 2596 est,

708 2621 771 2678 et
818 2616 989 2680 Deus
1034 2619 1143 2699 qui
1188 2616 1652 2680 inhumanatus
1696 2620 1816 2697 est,
1865 2620 1930 2679 et
1973 2614 2256 2680 Creator
2300 2618 2410 2699 qui
2453 2615 2778 2680 formatus
2831 2621 2947 2698 est,
2997 2623 3062 2681 et

707 2721 815 2801 qui
862 2721 1079 2782 omnia
1142 2718 1415 2783 adduxit
1447 2718 1529 2782 ad
1576 2721 2032 2782 exsistentiam
2101 2720 2160 2782 is
2205 2721 2314 2801 qui
2373 2717 2587 2783 factus
2641 2722 2740 2782 est
2793 2737 2879 2783 ex
2926 2739 3068 2783 mu-

706 2821 869 2884 liere
894 2820 1245 2885 sec-undum
1270 2839 1558 2902 carnem,
1585 2819 1904 2902 quomodo
1926 2820 2051 2884 hoc
2082 2823 2474 2904 mysterium
2505 2841 2638 2884 non
2677 2820 3065 2886 habebimus

706 2923 1026 3006 mirabile,
1074 2929 1141 2988 et
1170 2943 1329 3007 opus
1359 2927 1689 3006 patratum
1719 2919 2050 2986 ineffabile
2081 2941 2522 3006 superansque
2555 2943 2814 2987 omnem
2851 2925 3065 2988 scien-

703 3027 863 3088 tiam
910 3025 1265 3089 humanam
1326 3043 1706 3107 omnemque
1759 3027 1982 3088 vivam
2045 3024 2434 3088 rationalem
2489 3023 2916 3090 facultatem?
2977 3025 3060 3088 Et

704 3129 855 3210 quia
902 3126 1227 3210 quodlibet
1275 3145 1433 3209 opus
1478 3132 1545 3190 et
1604 3125 1974 3210 prodigium
2036 3125 2426 3208 huiusmodi,
2475 3126 2644 3209 quod
2689 3127 3058 3192 intellectus

705 3229 1255 3312 comprehendere
1301 3249 1435 3293 non
1466 3229 1663 3310 valet,
1696 3229 1862 3293 solet
1907 3225 2058 3292 fidei
2092 3230 2426 3310 committi,
2477 3228 2662 3293 decet
2705 3232 2904 3293 etiam
2936 3229 3062 3294 hoc

702 3334 1058 3415 negotium,
1108 3330 1275 3414 quod
1320 3335 1587 3415 propter
1617 3350 1802 3394 suam
1835 3329 2280 3394 difficultatem
2312 3330 2615 3395 mirabile
2663 3330 2908 3395 dictum
2939 3337 3056 3413 est,

702 3433 855 3497 fidei
891 3433 1175 3516 tradere,
1210 3453 1372 3517 quae
1406 3436 1585 3497 circa
1616 3432 1776 3496 illud
1809 3435 2254 3518 operationem
2287 3453 2411 3516 qua
2445 3432 2706 3516 gaudet,
2741 3432 3054 3498 ostendet.

703 3537 977 3617 Etenim,
1004 3535 1541 3618 quemadmodum
1588 3538 1798 3598 omnis
1843 3533 2122 3598 facultas
2169 3534 2508 3616 naturaliS,
2565 3555 2760 3618 quam
2805 3538 2944 3600 sive
2989 3538 3056 3599 in

704 3641 924 3703 anima
956 3641 1095 3702 sive
1127 3640 1196 3702 in
1221 3656 1493 3721 corpore
1520 3637 1937 3721 possidemuS,
1965 3657 2084 3720 per
2114 3636 2360 3720 aliquid
2384 3637 2510 3701 sihi
2533 3643 2883 3720 cognatum
2899 3646 3058 3721 'ope-

705 3743 1026 3804 rationem
1060 3759 1244 3804 suam
1276 3740 1587 3804 ostendit:
1638 3742 1732 3802 ita
1765 3745 1829 3802 et
1859 3737 2038 3821 fides,
2065 3741 2383 3822 optimum
2414 3738 2654 3803 donum
2688 3738 2856 3823 quod
2887 3741 3057 3804 Deus

704 3843 811 3905 *in
858 3845 1079 3906 anima
1109 3847 1331 3906 nostra
1380 3843 1610 3924 posuit,
1644 3859 1764 3924 per
1793 3860 1872 3904 ea
1920 3860 2084 3924 quae
2117 3844 2269 3904 sunt
2315 3837 2608 3905 difficilia
2639 3847 2706 3905 et
2752 3840 2962 3905 ardua
2993 3847 3058 3905 et

704 3943 1389 4028 incomprehensibilia
1421 3949 1487 4007 et
1516 3943 1848 4007 mirabilia
1879 3943 2216 4027 probatur,
2267 3948 2332 4006 et
2379 3943 2483 4007 his
2529 3943 2694 4008 solet
2734 3948 3061 4028 operatio-

704 4065 855 4110 nem
872 4067 996 4130 qua
1022 4045 1217 4130 pollet
1242 4043 1679 4109 manifestare.
1701 4043 1960 4108 Auditis
1983 4063 2146 4128 ergo
2169 4047 2345 4108 istis:
2377 4065 2412 4107 ‹<
2430 4045 2555 4117 Qui
2579 4048 2836 4110 exsistit
2852 4045 3065 4110 factus

706 4155 835 4225 est;
885 4149 1099 4213 forma
1132 4149 1251 4211 Dei
1298 4149 1599 4230 apparuit
1638 4147 1852 4211 forma
1887 4151 2104 4223 servi3
2155 4147 2514 4230 plasmator
2545 4148 2900 4232 plasmatus
2931 4155 3058 4224 est;

706 4257 969 4315 creator
1012 4250 1332 4313 formatus
1378 4254 1506 4324 est;
1556 4248 1770 4313 factor
1800 4248 2169 4313 delineatus
2203 4254 2334 4324 est;
2369 4251 2832 4333 incompositus
2863 4269 3067 4315 mem—

706 4353 841 4416 bris
888 4352 1163 4416 donatus
1210 4357 1400 4432 est»,
1450 4349 1609 4414 fides
1652 4349 1820 4414 nulli
1865 4370 2092 4415 eorum
2139 4350 2547 4433 contradicit,
2597 4350 2711 4416 sed
2757 4352 3059 4418 omnibus

708 4453 947 4537 gaudet
980 4457 1147 4518 sicut
1176 4453 1401 4516 oculus
1432 4452 1596 4535 luce,
1623 4456 1842 4536 eisque
1877 4453 2140 4518 obviam
2166 4452 2478 4518 ardenter
2501 4457 2864 4538 prorumpit
2893 4457 3062 4519 sicut

706 4575 932 4620 sensus
978 4555 1246 4638 quilibet
1294 4554 1553 4620 obviam
1602 4558 1697 4618 eis
1745 4575 1908 4638 quae
1957 4558 2248 4638 percipit.
2306 4556 2677 4640 Percipitur
2722 4560 2898 4621 enim
2945 4556 3064 4620 lux

3125 1099 3164 1142 5

3125 1609 3192 1654 10

3123 2119 3186 2164 15

3115 3132 3181 3176 2¹5

3117 3643 3184 3687 30
