3400 5642
195 1596 246 1639 10

200 2108 247 2151 15

193 3129 247 3173 25

195 3759 250 3805 30

1269 520 1671 604 «481».-

301 668 588 731 minatur
633 670 699 729 et
745 663 1170 749 reprehendit
1217 666 1436 748 eisque
1497 663 1952 729 contradicere
2001 660 2217 744 audet,
2264 682 2407 727 esse
2454 666 2647 726 extra

301 774 552 834 coetum
612 766 904 833 fidelium
963 769 1318 831 invenitur.
1374 766 1634 849 Etenin,
1683 768 1741 830 si
1804 766 2039 849 aliquis
2099 764 2257 829 dicit
2316 764 2649 829 hominem

297 876 588 936 creatum
635 888 812 945 esse;
870 888 1020 933 eum
1051 872 1160 953 qui
1190 888 1324 934 non
1355 869 1716 934 exsistebat
1746 871 2065 952 incepisse
2098 873 2164 932 et
2192 866 2438 932 factum
2470 886 2646 955 esse3

297 971 548 1037 finitum
595 972 970 1037 conclusum
1001 990 1176 1047 esse3
1231 992 1378 1035 eum
1426 974 1536 1054 qui
1581 972 1909 1035 contineri
1954 972 2155 1054 possit
2200 971 2651 1053 circumscrip-

297 1079 434 1138 tum
481 1094 656 1151 esse3
705 1074 1054 1138 limitatum
1086 1073 1206 1137 sub
1237 1073 1444 1137 limite
1475 1071 1719 1138 factum
1752 1092 1928 1147 esse;
1973 1071 2347 1156 passibilem
2392 1090 2652 1155 passum

299 1196 474 1252 esse3
525 1181 590 1240 et
637 1175 982 1240 mortalem
1033 1180 1364 1239 mortuum
1395 1194 1572 1241 esse:
1623 1195 1709 1240 ne
1754 1177 2027 1239 minima
2074 1172 2329 1257 quidem
2360 1171 2523 1238 fides
2568 1171 2653 1237 ad

297 1279 462 1343 haec
509 1279 886 1361 requiritur.
936 1276 1117 1341 Haec
1165 1280 1339 1341 enim
1403 1284 1632 1361 aperta
1687 1283 1838 1341 sunt
1898 1278 2213 1341 scientiae
2282 1294 2447 1359 quae
2506 1277 2651 1338 uni-

299 1384 526 1464 cuique
574 1379 810 1444 horum
857 1398 1042 1442 suum
1092 1378 1468 1443 adscribere
1531 1379 1715 1462 solet,
1764 1376 2021 1443 infinito
2080 1378 2377 1441 tribuens
2436 1375 2651 1441 infini-

297 1488 524 1565 tatem,
559 1488 626 1546 et
671 1478 856 1545 finito
887 1481 1182 1564 limitem,
1216 1487 1280 1545 et
1312 1484 1378 1545 ei
1405 1479 1552 1565 *qui
1585 1480 1885 1546 concludi
1913 1499 2048 1545 non
2078 1484 2288 1564 potest
2332 1499 2465 1544 non
2510 1498 2651 1543 esse

299 1584 694 1666 conclusum,
723 1588 788 1647 et
834 1586 896 1647 ei
944 1585 1052 1667 qui
1097 1582 1397 1647 concludi
1427 1588 1638 1667 potest
1683 1582 2057 1647 conclusum
2090 1601 2231 1646 esse
2278 1587 2345 1645 et
2374 1584 2654 1645 circum-

299 1688 631 1771 scriptum,
667 1692 732 1750 et
762 1686 898 1750 Deo
922 1684 1166 1767 divina,
1201 1690 1266 1749 et
1296 1684 1548 1750 homini
1578 1685 1888 1767 humana,
1922 1689 1988 1749 et
2020 1684 2335 1749 altissimo
2367 1683 2650 1765 excelsa,

299 1792 363 1850 et
409 1786 646 1851 humili
689 1785 984 1867 humilia,
1033 1791 1100 1850 et
1143 1785 1529 1870 impassibili
1574 1786 2184 1870 impassibilitatem,
2233 1789 2301 1849 et
2360 1783 2654 1868 passibili

300 1892 704 1973 passionem;
755 1893 822 1952 et
849 1887 1346 1971 unumquodque
1377 1888 1613 1952 horum
1645 1890 1919 1953 scientia
1950 1886 2267 1951 discernit
2326 1906 2444 1970 per
2487 1886 2653 1951 iudi-

299 1993 494 2073 cium,
540 2009 673 2055 non
735 1989 993 2073 quidem
1037 2009 1158 2073 per
1219 1995 1460 2054 motum
1523 1988 1676 2055 fidei
1738 1988 1853 2054 sed
1897 2008 2017 2073 per
2074 1990 2652 2071 investigationem

300 2094 715 2177 cognitionis,
764 2091 931 2156 Nam
977 2091 1144 2156 haec
1175 2097 1272 2155 est
1302 2098 1542 2156 natura
1575 2094 1888 2157 scientiae
1918 2096 1992 2155 ut
2030 2094 2195 2155 sciat
2226 2110 2306 2155 ea
2340 2110 2502 2175 quae
2536 2091 2654 2154 sub

300 2196 722 2279 cognitonem
767 2193 1039 2269 cadunt;
1096 2201 1336 2259 natura
1383 2214 1546 2260 vero
1591 2193 1746 2259 fidei
1792 2199 1891 2258 est
1950 2198 2021 2257 ut
2067 2192 2295 2259 credat
2354 2212 2433 2257 ea
2488 2212 2653 2276 quae

299 2300 576 2363 scientia
622 2316 756 2362 non
785 2296 1009 2361 intelle
1017 2303 1277 2381 guntur.
1327 2297 1410 2361 Et
1440 2317 1634 2362 nemo
1665 2299 2005 2361 scientiam
2053 2294 2476 2380 reprehendit
2507 2315 2654 2359 cum

299 2402 440 2484 ipsa
489 2418 609 2464 sua
655 2402 825 2463 scire
888 2398 1136 2475 studet3
1185 2418 1332 2464 eam
1377 2418 1541 2465 vero
1595 2401 1835 2464 merito
1880 2402 2177 2482 increpat
2208 2401 2265 2462 si
2296 2397 2491 2463 audet
2538 2416 2654 2481 ag-

301 2500 494 2584 gredi
541 2520 620 2565 ea
669 2520 832 2585 quae
887 2505 1038 2564 sunt
1068 2500 1757 2584 incomprehensibilia
1785 2506 1851 2565 et
1881 2499 2199 2565 invadere
2245 2498 2491 2567 limites
2532 2519 2653 2583 que

297 2602 453 2667 fidei
471 2606 910 2687 assignantur.
939 2603 1024 2667 Et
1047 2602 1584 2687 quemadmodum
1601 2606 1943 2667 scientiam
1966 2621 2100 2666 non
2116 2601 2657 2686 reprehendimus

299 2726 446 2770 cum
496 2707 807 2771 virtutem
855 2711 922 2770 et
965 2711 1272 2769 naturam
1304 2724 1548 2788 rerum,
1581 2724 1747 2789 quae
1781 2703 1865 2769 ad
1896 2723 2042 2769 eam
2088 2706 2437 2788 pertinent,
2486 2706 2655 2767 scire

297 2811 497 2893 cupit,
525 2808 754 2892 quibus
801 2806 1160 2890 erudiatur,
1196 2809 1288 2871 ita
1334 2826 1458 2872 nec
1504 2806 1668 2871 fides
1699 2806 2021 2891 culpanda
2054 2811 2153 2871 est
2184 2808 2241 2869 si
2272 2806 2356 2869 ab
2385 2808 2657 2869 investi-

299 2914 570 2993 gatione
618 2929 845 2974 eorum
890 2930 1056 2994 quae
1090 2914 1240 2973 sunt
1269 2908 1959 2993 incomprehensibilia
1991 2907 2276 2972 abstinet
2322 2911 2389 2971 et
2434 2906 2514 2971 de
2562 2909 2658 2970 eis

297 3012 637 3077 silentium
681 3011 1094 3077 discretionis
1141 3017 1381 3077 servat.
1417 3010 1601 3084 Quod
1633 3014 1689 3075 si
1721 3013 2107 3095 mysterium
2155 3011 2659 3095 dispensationis

298 3113 554 3178 Christi
600 3114 804 3178 verbo
851 3116 1164 3179 scientiae
1213 3116 1625 3179 commissum
1653 3111 1905 3194 fuisset,
1939 3112 2105 3177 haec
2150 3111 2378 3177 forsan
2424 3114 2659 3175 merito

301 3223 604 3282 curreret
649 3221 720 3279 ut
765 3216 1185 3299 intellegeret
1248 3216 1417 3301 quod
1463 3236 1649 3281 suum
1708 3222 1911 3292 esset;
1979 3218 2129 3300 quia
2176 3234 2339 3279 vero
2386 3215 2656 3280 abscon-

302 3318 510 3384 ditum
557 3324 674 3401 est,
723 3339 870 3384 cum
915 3318 1097 3383 nulla
1160 3338 1344 3383 mens
1390 3318 1734 3383 rationalis
1798 3322 1882 3381 sit
1928 3338 2093 3401 quae
2150 3320 2291 3381 eius
2336 3320 2659 3381 secretum

299 3424 590 3485 scrutari
633 3421 874 3504 valeat,
923 3419 1076 3485 fidei
1106 3420 1498 3486 tradendum
1529 3425 1645 3503 est,
1689 3440 1874 3504 quae,
1908 3440 2057 3484 cum
2101 3417 2264 3482 illud
2309 3420 2657 3501 acceperit,

303 3522 382 3588 de
431 3543 513 3588 eo
559 3523 782 3588 verbis
827 3522 1368 3588 convenientibus
1412 3527 1703 3587 tractare
1750 3525 2007 3606 poterit.

953 3740 1343 3805 SEPTIMUM:
1395 3739 1788 3805 SENTENTIA
1834 3758 2012 3804 ALIA.

392 3933 542 3999 Non
587 3932 1028 4018 ignorandum
1075 3937 1174 3997 est
1220 3932 1388 4016 quod
1448 3932 1749 3997 doctrina
1810 3931 2257 3997 ecclesia-stica
2318 3933 2660 3996 scientiam

303 4056 534 4100 rerum
581 4034 1060 4099 mundanarum
1122 4036 1388 4098 minime
1451 4036 1721 4117 respuit,
1770 4052 1917 4097 eam
1964 4038 2183 4098 autem
2230 4033 2533 4117 prohibet
2576 4052 2660 4096 ne

304 4137 389 4201 ad
421 4135 885 4219 investiganda
931 4140 1186 4199 secreta
1219 4140 1284 4199 et
1331 4134 1709 4199 abscondita
1750 4133 2038 4199 accedat.
2087 4132 2314 4199 *Patet
2360 4136 2535 4198 enim
2582 4152 2661 4197 ea

305 4258 474 4321 quae
544 4242 694 4301 sunt
755 4238 1068 4301 scientiae
1131 4234 1256 4300 fide
1327 4254 1458 4300 non
1505 4235 1825 4319 indigere,
1889 4254 2013 4300 nec
2074 4255 2237 4319 quae
2300 4240 2450 4299 sunt
2510 4232 2662 4298 fidei

305 4342 586 4405 scientia
633 4338 1098 4423 comprehendi
1129 4358 1332 4423 posse.
1369 4338 1494 4403 Sed
1523 4344 1798 4421 utraque
1832 4336 2023 4403 debet
2055 4358 2172 4403 sua
2226 4358 2658 4422 cognoscere:

305 4444 586 4507 scientia
648 4444 904 4505 ratione
970 4441 1302 4505 naturalia
1364 4444 1697 4525 inquirere
1762 4440 1972 4524 debet,
2037 4446 2102 4505 et
2156 4439 2317 4506 fides
2364 4460 2442 4505 ea
2497 4460 2661 4523 quae

305 4548 462 4608 sunt
508 4563 703 4628 supra
749 4549 1056 4608 naturam
1087 4545 1157 4609 in
1203 4544 1464 4609 silentio
1493 4549 1739 4608 tenere.
1780 4542 2081 4608 Christus
2118 4546 2292 4607 enim
2347 4546 2661 4628 mysteria

522 4724 660 4767 sYR.
695 4738 762 4755 --
805 4726 856 4765 B.
897 4742 964 4751 —
1001 4725 1190 4767 xxvn.
2414 4712 2447 4763 6

2705 1500 2761 1556 p.
2796 1485 2917 1541 104.

2715 4158 2772 4214 p.
2804 4144 2925 4198 105.
