3400 5642
759 670 1124 736 doctrinam
1179 691 1369 755 quam
1424 676 1604 735 tenet
1658 670 1738 735 de
1793 670 1915 734 deo
1969 691 2155 755 quem
2211 669 2386 754 colit,
2443 673 2593 755 quia
2647 673 2846 736 etiam
2901 675 3118 756 quivis

760 793 1056 858 paganus
1102 780 1284 859 putat
1328 793 1496 854 eum,
1546 793 1735 858 quem
1781 778 1852 838 ut
1899 771 2090 838 deum
2137 773 2356 857 habet,
2405 793 2547 838 esse
2593 773 2834 839 fortem
2880 781 2946 838 et
2977 795 3118 840 om-

758 879 869 941 nia
916 875 1137 942 facere
1184 896 1388 961 posse.
1424 875 1653 942 Nonne
1686 879 1894 959 igitur
1925 883 2176 940 rectum
2208 882 2306 941 est
2335 882 2402 940 te
2435 895 2535 959 ea,
2571 896 2734 960 quae
2781 896 3114 962 paganum

760 985 825 1042 et
868 977 1179 1044 Iudaeum
1226 978 1521 1060 docuisti,
1567 979 1688 1042 tibi
1735 981 1860 1062 ipsi
1905 997 2289 1062 proponere,
2337 983 2404 1044 et
2451 978 2722 1044 credere
2768 979 2972 1043 Deum
3011 979 3114 1044 fa-

759 1087 931 1146 ctum
978 1101 1119 1146 esse
1166 1081 1495 1146 hominem
1528 1087 1594 1146 et
1623 1086 1846 1144 tamen
1892 1100 2080 1145 suum
2131 1101 2168 1144 <
2201 1101 2343 1146 esse
2378 1103 2414 1144 >
2449 1081 2744 1146 divinum
2779 1101 2914 1146 non
2945 1086 3111 1146 ami-
3197 1097 3240 1141 5

760 1186 939 1264 sisse,
987 1203 1071 1248 ne
1118 1183 1287 1250 forte
1334 1190 1403 1248 tu
1452 1203 1699 1268 quoque
1747 1186 1804 1246 si
1850 1182 2286 1266 contenderiS‚
2335 1203 2484 1248 cum
2527 1183 2644 1248 illo
2676 1187 2783 1267 qui
2835 1183 3116 1250 Iudaeos

759 1289 1058 1369 antiquos
1104 1285 1466 1370 redarguit,
1515 1283 1778 1349 audias:
1833 1305 1870 1348 <
1893 1284 2020 1358 Qui
2067 1285 2234 1350 alios
2279 1285 2490 1368 doces»,
2524 1289 2802 1370 teipsum
2832 1305 2966 1352 non
2997 1285 3116 1351 do-

760 1408 870 1453 ces
901 1391 925 1428 1
962 1410 1021 1452 ».
1071 1388 1450 1470 Praeterea,
1476 1406 1560 1452 ne
1608 1387 1846 1452 doceas
1891 1407 2040 1452 eum
2079 1386 2349 1452 credere
2383 1388 2550 1472 quod
2581 1407 2816 1472 corpus
2847 1391 2918 1451 in
2947 1407 3118 1473 pane

760 1496 826 1554 et
871 1493 1143 1573 sanguis
1188 1492 1258 1552 in
1303 1492 1461 1553 vino
1508 1489 1888 1554 abscondita
1936 1495 2085 1554 sunt
2137 1494 2202 1553 et
2256 1489 2452 1554 homo
2505 1508 2715 1554 novus
2759 1491 2830 1552 in
2883 1495 3113 1555 vetere

760 1592 1035 1674 habitat,
1084 1589 1199 1656 sed
1243 1611 1487 1674 urgeas
1530 1597 1603 1655 ut
1648 1590 1876 1656 credat
1923 1610 2176 1675 panem,
2225 1593 2334 1675 qui
2365 1591 2645 1674 videtur,
2679 1611 2820 1656 esse
2853 1613 3111 1678 corpuS‚
3175 1614 3243 1660 io

492 1710 549 1767 p-
584 1698 703 1752 126.
762 1700 827 1760 et
868 1697 1117 1776 vinum,
1152 1693 1318 1778 quod
1368 1699 1687 1777 gustatur,
1723 1712 1864 1758 esse
1897 1697 2304 1776 sanguinem,
2337 1699 2403 1758 et
2433 1693 2674 1778 *illum‚
2709 1697 2817 1778 qui
2849 1697 3118 1760 immer-

764 1799 943 1881 gitur
987 1804 1053 1862 et
1097 1795 1453 1878 adscendit,
1502 1816 1643 1860 esse
1693 1796 2024 1860 hominem
2071 1815 2330 1860 novum.
2381 1797 2440 1860 A
2484 1802 2550 1861 te
2583 1802 2858 1881 cogetur
2887 1803 2959 1861 ut
2985 1797 3116 1862 fal-

762 1920 869 1964 sos
914 1899 1161 1964 habere
1211 1904 1469 1982 gustum
1515 1903 1581 1962 et
1623 1901 1850 1980 visum,
1884 1903 1950 1962 et
1995 1900 2274 1963 reiicere
2320 1901 2762 1964 testimonium
2807 1918 3117 1964 sensuum

762 2007 1209 2083 externorum,
1258 2006 1322 2064 et
1368 2000 1639 2065 credere
1686 1999 1841 2064 huic
1887 1999 2004 2064 alii
2055 2003 2422 2084 operationi
2475 2021 2638 2085 quae
2693 2003 2764 2066 in
2817 2002 3118 2067 sensibus

761 2104 1044 2168 hominis
1088 2106 1246 2168 novi
1288 2105 1643 2184 invenitur,
1692 2105 1786 2166 ita
1817 2108 1889 2166 ut
1919 2101 2063 2167 loco
2094 2106 2301 2187 panis,
2335 2121 2572 2188 corpus
2603 2108 2836 2187 gustet,
2871 2109 2936 2168 et
2966 2104 3114 2170 loco
3177 2122 3246 2166 15-

760 2208 918 2288 vini‚
968 2209 1375 2289 sanguinem,
1426 2211 1490 2270 et
1534 2225 1655 2289 pro
1698 2207 1966 2269 notione
2015 2208 2156 2269 eius
2209 2205 2376 2289 quod
2431 2211 2626 2270 antea
2672 2212 2836 2286 erat,
2891 2205 3116 2271 videat

761 2314 826 2372 et
874 2313 1189 2391 agnoscat
1234 2307 1299 2371 id
1347 2307 1515 2392 quod
1546 2306 1792 2371 factum
1823 2312 1921 2372 est
1967 2313 2289 2390 recenter,
2339 2307 2587 2372 scilicet
2633 2311 2764 2373 iam
2809 2327 2943 2373 non
2995 2308 3118 2374 ho-

760 2413 1000 2474 minem
1046 2414 1383 2474 terrenum
1432 2408 1546 2474 sed
1590 2428 1832 2473 novum
1879 2409 2052 2474 hunc
2107 2409 2456 2474 caelestem
2500 2413 2572 2475 in
2617 2429 2695 2474 eo
2750 2429 3119 2494 agnoscen-

761 2511 932 2575 dum.
983 2512 1201 2595 Neque
1248 2515 1426 2576 sinas
1472 2531 1621 2576 eum
1672 2513 1948 2595 opinari,
1999 2515 2165 2576 sicut
2212 2514 2500 2576 animam
2551 2515 2622 2577 in
2673 2532 2969 2597 corpore,
3019 2516 3118 2578 ita

761 2614 1091 2680 hominem
1136 2633 1378 2678 novum
1425 2617 1495 2677 in
1539 2619 1786 2696 vetere,
1837 2619 1902 2678 et
1948 2613 2397 2679 absconditum
2437 2617 2504 2678 in
2537 2614 2853 2696 revelat0‚
2887 2621 2954 2679 et
2983 2617 3124 2699 spi·
3175 2635 3249 2678 so

760 2714 1023 2779 ritalem
1070 2717 1139 2777 in
1186 2715 1514 2798 corporali
1559 2715 1883 2796 habitare,
1933 2719 2046 2778 aut
2091 2733 2325 2798 corpus
2369 2716 2439 2778 in
2483 2735 2652 2799 pane
2700 2713 3011 2779 abscondi
3051 2722 3118 2781 et

760 2819 1149 2899 sanguinem
1196 2819 1267 2879 in
1312 2819 1468 2879 vino
1514 2815 1849 2897 occultari,
1901 2818 2100 2880 etiam
2139 2817 2195 2878 si
2227 2835 2412 2880 mens
2443 2818 2584 2879 eius
2615 2814 2902 2900 paullum
2935 2818 3121 2900 quie-

760 2921 846 2982 tis
890 2917 1041 2982 inde
1090 2921 1436 3003 acciperet,
1485 2937 1563 2982 eo
1610 2917 1780 3002 quod
1809 2917 2068 2982 facilius
2099 2920 2517 2984 existimatur
2547 2917 2778 2983 audire
2817 2918 3118 3002 spiritale

760 3023 831 3083 in
880 3019 1095 3102 aliquo
1156 3019 1402 3083 visibili
1458 3025 1525 3083 et
1586 3018 2032 3084 absconditum
2087 3022 2158 3084 in
2215 3019 2510 3084 revelato
2557 3019 2860 3084 habitare
2923 3038 3120 3104 quam

762 3120 1103 3204 corporale
1150 3120 1280 3185 dici
1326 3124 1524 3185 etiam
1572 3120 1867 3205 spiritale
1921 3126 1986 3185 et
2039 3121 2404 3186 revelatum
2458 3120 2588 3186 dici
2641 3120 3117 3203 absconditum,
3175 3145 3250 3190 25-

762 3221 826 3286 id
876 3228 992 3304 est,
1040 3241 1273 3307 panem
1322 3222 1452 3287 dici
1497 3241 1752 3307 corpuS‚
1799 3228 1865 3286 et
1910 3225 2136 3287 vinum
2183 3222 2312 3288 dici
2357 3225 2765 3306 sanguinem,
2801 3227 2866 3287 et
2897 3223 3118 3286 oleum

762 3327 1074 3389 virtutem
1121 3331 1186 3388 et
1233 3344 1467 3409 aquam
1512 3325 1923 3409 baptismum,
1972 3330 2037 3388 et
2083 3325 2414 3389 hominem
2451 3330 2744 3390 veterem
2776 3325 3116 3390 hominem

762 3447 1022 3492 novum.

850 3531 1031 3595 Haec
1077 3533 1301 3613 igitur,
1350 3549 1515 3613 quae
1562 3529 1640 3594 de
1673 3531 1994 3614 baptismo
2017 3537 2082 3595 et
2105 3533 2349 3594 sanctis
2373 3533 2704 3615 mysteriis
2735 3529 2909 3595 dicta
2935 3537 3115 3613 sunt,

763 3635 892 3696 sint
938 3633 1060 3696 tibi
1106 3639 1565 3716 argumentum
1612 3653 1732 3717 pro
1777 3633 1939 3697 illis:
1989 3633 2231 3698 Plenus
2277 3635 2692 3716 semetipsum
2717 3635 3115 3716 exinanivit,
3175 3655 3251 3701 30.

760 3733 1055 3799 infinitus
1100 3734 1442 3800 conclusus
1488 3741 1603 3817 est,
1654 3738 1761 3819 qui
1809 3738 2067 3799 exsistit
2112 3735 2324 3800 factus
2371 3740 2488 3817 est,
2515 3741 2582 3799 et
2614 3738 2874 3818 genitus
2912 3740 3116 3799 natus

762 3842 878 3901 est.
928 3835 1144 3901 Causa
1191 3839 1366 3900 enim
1412 3857 1635 3902 rerum
1660 3837 1896 3902 harum
1921 3841 2208 3902 omnium
2233 3842 2331 3901 est
2363 3836 2758 3920 dispensatio
2789 3839 3114 3902 incarne.

763 3940 1039 4019 Etenim,
1068 3940 1219 4022 quia
1264 3937 1469 4002 Filius
1516 3957 1601 4002 ex
1648 3939 1862 4003 Matre
1908 3941 2170 4022 virgine
2215 3943 2411 4002 natus
2457 3944 2574 4020 est,
2623 3957 2744 4003 nos
2775 3958 2859 4002 ex
2907 3938 3113 4004 Patre

763 4046 1035 4105 aeterno
1080 4042 1223 4104 nati
1267 4060 1519 4116 sumus;
1570 4043 1722 4124 quia
1768 4043 1904 4124 ipse
1953 4059 2302 4125 pauperem
2351 4060 2420 4104 se
2468 4038 2642 4122 fecit,
2690 4059 2811 4105 nos
2871 4040 3120 4105 divites

762 4141 920 4207 facti
966 4161 1219 4218 sumus;
1268 4147 1334 4205 et
1378 4145 1529 4224 quia
1576 4145 1645 4205 in
1690 4148 1882 4206 utero
1929 4141 2184 4206 carnali
2228 4140 2571 4225 habitavit,
2619 4161 2742 4207 nos
2785 4161 2871 4205 ex
2918 4147 3116 4206 utero
3175 4167 3250 4213 35.

762 4244 1063 4329 spiritali,
1112 4243 1178 4308 id
1224 4249 1340 4326 est,
1391 4264 1477 4308 ex
1522 4245 1864 4328 baptismo,
1911 4247 2054 4308 nati
2115 4263 2352 4307 sumus.
2403 4243 2483 4306 Et
2545 4250 2892 4328 propterea
2941 4243 3114 4328 quod

494 4370 550 4426 p.
588 4357 706 4410 127.
763 4347 929 4412 alios
952 4349 1203 4430 rogasti
1227 4351 1297 4410 ut
1321 4349 1637 4431 mysteria
1662 4345 2150 4428 confiterentur,
2177 4364 2296 4410 nos
2318 4351 2384 4410 te
2418 4367 2729 4431 rogamus
2743 4343 2852 4410 ¹''ut
2867 4365 3113 4410 causae

854 4571 870 4599 ¹
909 4570 1099 4630 Rom..
1134 4581 1194 4631 11,
1230 4568 1317 4622 21.
