3400 5642
1336 475 1784 561 «(179)»

392 621 794 703 adhaesisse,
840 640 975 684 non
1029 624 1247 684 autem
1309 618 1505 683 alteri
1565 620 1816 683 homini
1859 621 1968 703 qui
2022 620 2435 682 existimetur
2496 638 2581 681 ex
2628 637 2744 682 na-

394 730 549 788 tura
595 723 883 787 humana
930 727 1312 806 assumptus

484 824 672 896 Quod
718 827 774 888 si
818 827 1245 888 inveniuntur
1291 822 1551 906 quidam
1596 843 1682 887 ex
1728 823 2034 888 Patribus
2065 825 2172 906 qui
2205 825 2444 907 passim
2477 823 2580 886 usi
2608 821 2750 886 fue-

394 931 531 994 rint
554 928 659 992 his
681 927 935 990 verbis:
976 947 1011 989 «
1038 926 1207 990 Deus
1232 925 1530 990 adhaesit
1555 926 1891 1008 homini»,
1925 926 2064 991 vel:
2103 946 2140 990 ‹<
2167 927 2511 1008 assumpsit
2543 924 2753 988 homi-

310 1039 337 1083 5
395 1051 548 1094 nem
574 1051 635 1112 7»,
670 1030 801 1094 vel:
858 1051 893 1094 «
922 1031 1247 1094 habitavit
1294 1032 1363 1092 in
1408 1029 1670 1094 homine
1706 1049 1765 1112 »,
1813 1029 1920 1093 vel
1961 1015 2109 1094 aliis
2139 1029 2430 1093 eiusdem
2465 1029 2748 1113 generiS,

398 1131 479 1196 de
510 1137 751 1196 natura
784 1132 1071 1195 humana
1117 1131 1317 1194 locuti
1368 1136 1535 1212 sunt,
1583 1151 1718 1194 non
1762 1150 1924 1196 vero
1971 1131 2049 1196 de
2097 1151 2375 1216 persona
2415 1129 2750 1194 cuiusdam

398 1235 685 1298 hominis
716 1237 784 1297 in
818 1253 961 1317 quo,
1002 1238 1069 1296 ut
1120 1236 1303 1297 aiunt
1342 1232 1734 1317 Nestoriani,
1777 1234 1946 1299 Deus
1991 1234 2229 1318 placito
2267 1237 2538 1315 tantum,
2583 1235 2750 1296 sicut

396 1339 468 1398 in
514 1355 645 1400 uno
692 1356 779 1400 ex
826 1337 1086 1416 sanctiS,
1134 1335 1477 1399 habitavit.
1533 1335 1693 1400 Item
1743 1339 1800 1399 si
1844 1337 2092 1400 dicunt
2136 1337 2321 1418 quod
2367 1337 2586 1398 unitus
2631 1339 2749 1416 est,

399 1456 535 1501 non
566 1438 971 1520 intelleyunt
996 1439 1281 1500 unitum
1314 1456 1457 1502 esse
1480 1436 1737 1501 cuidam
1761 1437 2012 1501 homini
2036 1439 2161 1520 qui,
2189 1436 2538 1502 secundum
2565 1456 2750 1500 suum

287 1551 339 1596 10
402 1559 547 1603 esse
592 1559 1079 1622 numerumque,
1128 1541 1409 1622 primum
1456 1541 1720 1622 agnitus
1765 1538 1966 1603 fuerit
1997 1545 2060 1602 et
2123 1538 2354 1602 deinde
2418 1541 2752 1602 existima-

400 1647 507 1704 tus
552 1647 649 1704 est
694 1661 894 1705 unum
942 1661 1087 1704 cum
1134 1661 1213 1705 eo
1260 1661 1433 1717 esse3
1484 1660 1637 1705 nam
1690 1662 1727 1704 ‹<
1760 1644 1947 1706 carni
1978 1647 2043 1706 et
2074 1643 2383 1724 sanguini
2415 1661 2473 1722 »,
2524 1640 2754 1724 quibus

400 1750 641 1808 natura
711 1744 999 1808 humana
1060 1745 1493 1825 constituitur,
1554 1763 1689 1808 non
1751 1749 1970 1809 autem
2029 1762 2347 1827 personae
2417 1742 2750 1806 cuiusdam

404 1844 709 1926 hominiS,
757 1844 1001 1909 Paulus
1047 1844 1213 1908 dixit
1261 1845 1461 1908 Deum
1508 1845 1800 1908 Verbum
1831 1847 2272 1928 participasse.
2326 1845 2600 1926 Etenim,
2633 1864 2752 1909 na-

402 1952 619 2011 turam
667 1947 1021 2012 humanam
1067 1947 1439 2029 honoravit,
1487 1966 1619 2012 non
1667 1953 1884 2012 autem
1931 1947 2262 2011 hominem
2301 1947 2642 2032 quemdam
2674 1947 2752 2012 de

292 2063 346 2108 15
404 2055 646 2114 natura
692 2049 980 2114 humana
1042 2055 1364 2133 sumptum
1426 2049 1749 2114 exaltavit
1809 2054 1874 2113 et
1934 2049 2136 2114 Deum
2196 2049 2369 2114 fecit.
2434 2050 2753 2114 Naturam

402 2150 761 2215 humanam
823 2151 1165 2235 adoptione
1232 2149 1511 2216 filiorum
1572 2151 1840 2234 dignam
1901 2150 2075 2233 fecit,
2140 2171 2273 2216 non
2331 2172 2492 2217 vero
2553 2172 2755 2216 unum

402 2253 735 2318 hominem
782 2258 1053 2316 tantum.
1103 2252 1405 2317 Omnium
1451 2260 1747 2318 nostrum
1793 2258 2063 2318 vocatus
2109 2260 2208 2318 est
2260 2257 2752 2338 primogenitUS,

402 2360 469 2417 et
514 2374 635 2418 nos
680 2353 923 2419 fratres
970 2357 1171 2439 ipsius
1217 2375 1335 2439 per
1381 2358 1685 2438 gratiam,
1734 2375 1866 2419 non
1913 2361 2129 2420 autem
2177 2375 2378 2418 unum
2425 2355 2754 2420 hominem

408 2459 790 2540 segregavit
838 2463 901 2520 et
946 2456 1223 2521 fratrem
1270 2458 1394 2520 sibi
1440 2457 1613 2522 fecit.
1668 2458 1744 2521 Et
1789 2478 1928 2540 noS,
1984 2463 2055 2521 ut
2117 2461 2209 2522 ait
2268 2457 2530 2540 Paulus,
2594 2457 2757 2522 facti

285 2572 351 2616 ⁴20
409 2581 630 2624 sumus
676 2560 917 2645 templa
964 2564 1136 2636 eius;
1186 2559 1301 2626 sed
1346 2581 1478 2625 non
1526 2561 1693 2626 alius
1739 2561 1953 2642 hom0,
2003 2567 2197 2625 extra
2259 2581 2406 2624 eum
2470 2564 2753 2644 agnitus,

402 2661 643 2726 dicitur
666 2665 731 2726 ei
751 2661 963 2726 factus
994 2683 1136 2726 esse
1169 2663 1495 2746 templum.
1524 2661 1828 2727 Omnium
1856 2668 2152 2728 nostrum
2175 2662 2386 2728 factus
2411 2668 2508 2728 est
2531 2665 2756 2746 primi-

400 2767 557 2846 tiae,
591 2784 725 2829 non
756 2784 916 2828 vero
948 2767 1158 2828 unius.
1194 2764 1493 2829 Omnium
1518 2770 1812 2829 nostrum
1837 2769 2086 2849 primus
2116 2769 2185 2829 in
2217 2765 2514 2830 omnibus
2545 2765 2757 2830 factus

404 2872 522 2947 est,
570 2886 704 2930 non
748 2869 958 2930 unius.
1009 2866 1175 2930 Nam
1228 2867 1419 2949 bona,
1484 2886 1647 2951 quae
1712 2886 1830 2950 per
1889 2867 2364 2931 revelationem
2423 2869 2493 2929 in
2554 2885 2754 2930 carne

408 2968 839 3050 advenerunt,
886 2969 1075 3032 nobis
1123 2969 1421 3033 omnibus
1466 2973 1699 3052 parata
1746 2975 1810 3032 et
1857 2972 2176 3053 promissa
2223 2974 2390 3051 sunt,
2429 2988 2563 3032 non
2593 2987 2755 3032 vero

278 3090 347 3135 *ὦ
408 3073 523 3133 uni
576 3070 843 3134 homini.
915 3091 951 3133 ‹<
982 3069 1115 3134 Nos
1176 3073 1591 3135 resuscitavit
1652 3075 1718 3134 et
1779 3070 2129 3136 consedere
2193 3091 2410 3136 secum
2471 3070 2626 3134 fecit
2686 3073 2756 3134 in

384 3171 593 3237 -caelo
640 3175 710 3236 in
756 3171 1019 3238 Christo
1065 3173 1211 3237 Iesu
1245 3175 1257 3214 ¹
1297 3195 1355 3237 ».
1406 3174 1488 3237 Et
1534 3177 1774 3238 iterum
1799 3174 1856 3237 ²:
1912 3195 1948 3236 ‹<
1981 3173 2126 3239 Non
2173 3177 2349 3238 servi
2404 3177 2578 3255 estiS,
2643 3171 2757 3236 sed

405 3272 559 3350 filii;
610 3277 667 3338 si
712 3279 931 3338 autem
962 3273 1099 3357 filii,
1134 3280 1199 3338 et
1230 3275 1551 3340 haeredes
1581 3276 1699 3340 Dei
1730 3295 1847 3358 per
1877 3275 2210 3339 Christum
2235 3296 2270 3339 >
2294 3296 2308 3350 ;
2333 3281 2406 3338 vet
2442 3294 2669 3339 rursus
2694 3274 2752 3338 3:

410 3395 447 3438 ‹<
482 3373 551 3438 Si
596 3379 1043 3460 compatimur,
1094 3383 1158 3440 et
1220 3375 1862 3459 conglorificabimur
1893 3397 1965 3452 »ς
2011 3382 2075 3440 et
2102 3377 2158 3440 4:
2221 3397 2256 3438 ‹<
2299 3375 2367 3440 Si
2413 3377 2756 3440 sustinebi-

403 3498 567 3560 mus,
618 3484 683 3542 et
730 3479 1279 3562 conregnabimus
1304 3499 1361 3554 »;
1398 3485 1463 3543 et
1509 3482 1750 3543 iterum
1775 3478 1836 3544 ⁵:
1889 3500 1923 3541 «
1959 3477 2136 3542 Sicut
2165 3478 2492 3542 induimus
2523 3481 2756 3562 imagi-

277 3601 349 3646 30
404 3600 557 3644 nem
606 3587 1041 3662 terrenorum,
1098 3581 1443 3646 induamus
1505 3587 1568 3644 et
1628 3583 1984 3664 imaginem
2033 3580 2423 3645 caelestium
2470 3602 2528 3644 ».
2586 3580 2756 3644 Rur-

410 3704 543 3766 sus,
599 3683 927 3747 Iohannes
990 3683 1399 3766 evangelista
1462 3686 1555 3748 ait
1581 3683 1637 3746 ⁶:
1709 3704 1744 3746 ‹<
1777 3680 2099 3766 Quotquot
2152 3688 2541 3766 receperunt
2589 3703 2755 3764 eum,

411 3785 591 3850 dedit
638 3788 735 3850 eis
780 3790 1165 3868 potestatem
1210 3783 1379 3852 filios
1424 3783 1578 3850 *Dei
1608 3784 1773 3868 fieri,
1808 3786 1911 3850 his
1957 3789 2066 3868 qui
2110 3805 2241 3848 non
2283 3805 2368 3848 ex
2413 3788 2758 3868 sanguine,
2813 3805 2866 3860 p.
2904 3790 3032 3845 242.

410 3907 621 3970 neque
685 3907 771 3950 ex
832 3887 1166 3951 voluntate
1230 3891 1467 3969 carniS,
1530 3907 1738 3971 neque
1801 3907 1886 3950 ex
1931 3887 2267 3952 voluntate
2315 3890 2464 3970 viri,
2515 3887 2628 3952 sed
2675 3908 2758 3952 ex

407 3991 544 4054 Deo
590 3993 731 4054 nati
776 3994 1016 4054 sunt».
1068 3990 1311 4054 Deinde
1361 4010 1643 4072 causam,
1700 3995 1966 4074 propter
2025 4009 2214 4073 quam
2263 3996 2327 4053 et
2389 4010 2506 4074 per
2568 4010 2756 4073 quam

278 4114 348 4158 35
405 4093 569 4156 facti
613 4113 835 4156 sumus
879 4091 999 4157 filii
1045 4092 1164 4158 Dei
1208 4098 1273 4156 et
1319 4093 1555 4176 Patris,
1603 4092 1976 4156 immediate
2025 4093 2376 4176 subiungit,
2442 4092 2666 4156 dicens
2699 4093 2755 4156 ⁷:

413 4217 451 4258 ⁴<
486 4195 779 4260 Verbum
826 4214 981 4260 caro
1028 4194 1273 4260 factum
1319 4200 1417 4260 est
1471 4201 1535 4259 et
1589 4196 1916 4260 habitavit
1976 4197 2046 4258 in
2091 4195 2279 4259 nobis
2311 4216 2370 4277 >›,
2421 4198 2604 4278 quasi
2665 4194 2761 4258 di-

503 4436 519 4464 ¹
563 4436 731 4503 Eph„
768 4449 828 4497 11,
866 4436 916 4490 6.
958 4467 1016 4474 —
1064 4434 1085 4466 ²
1123 4435 1311 4498 Rom„
1359 4447 1483 4496 v111,
1538 4433 1618 4488 17.
1664 4462 1735 4471 —
1773 4431 1794 4462 ³
1829 4431 2021 4499 Rom.,
2071 4447 2192 4496 vm,
2247 4434 2327 4488 17.
2355 4464 2424 4472 —
2450 4433 2473 4464 ⁴
2500 4435 2543 4488 11
2591 4435 2761 4499 Tim„

401 4534 475 4581 11.
518 4521 602 4574 12.
644 4549 703 4558 -
747 4521 769 4550 ⁶
807 4521 827 4574 l
868 4523 1015 4587 Cor„
1054 4534 1157 4584 xv,
1192 4519 1280 4575 49.
1308 4551 1373 4558 —
1401 4519 1424 4550 ⁶
1462 4521 1730 4580 lomim„
1767 4532 1805 4582 1,
1847 4518 2022 4573 12-13.
2055 4551 2110 4560 -
2145 4521 2166 4552 ⁷
2205 4521 2478 4584 IOHANN..
2515 4524 2664 4587 1,14.
