3400 5642
1291 472 1527 559 4431
1580 472 1690 557 >s—

1000 747 1496 813 TRACTATUS
1541 747 1983 813 SECUNDUS.

790 934 880 987 DE
941 934 1670 990 lNHUMANATlONE
1725 934 2194 989 UNIGENITI.

404 1136 488 1199 Ut
535 1136 616 1197 iis
663 1136 770 1217 qui
821 1136 1227 1215 rogaverunt
1273 1129 1771 1213 satisfaciamus,
1822 1129 1899 1195 de
1946 1134 2473 1215 incorporatione
2512 1133 2670 1197 Uni·
2724 1159 2778 1213 p.
2812 1143 2898 1197 33.

323 1238 534 1320 geniti
579 1236 698 1298 Dei
742 1233 948 1297 Verbi
993 1252 1200 1317 pauca
1247 1235 1446 1296 etiam
1493 1232 1797 1296 dicemus
1846 1232 1969 1296 Hic
2014 1235 2233 1314 etiam,
2266 1236 2431 1297 sicut
2462 1236 2531 1297 in
2562 1256 2667 1298 su-

216 1354 252 1397 5
313 1340 564 1423 periori
608 1341 834 1401 nostro
881 1339 1185 1415 tractam,
1235 1334 1456 1399 verbis
1499 1332 1871 1399 artificiosis
1916 1340 1983 1399 et
2020 1337 2669 1418 interpretationibus

313 1440 572 1505 callidis
619 1457 982 1523 parcemus,
1034 1438 1344 1501 Doctrina
1389 1440 1565 1501 enim
1611 1436 1836 1501 divina
1883 1436 2160 1521 simplex
2205 1443 2335 1513 est;
2392 1457 2524 1502 non
2570 1442 2669 1502 in-

315 1542 500 1625 diget
553 1539 930 1605 artificiosis
989 1539 1212 1603 verbis
1273 1545 1387 1603 aut
1446 1540 1935 1603 inventionibus
1994 1542 2483 1622 cogitationum,
2546 1561 2669 1605 nec

319 1644 572 1709 auxilio
621 1645 992 1707 extrinseco
1040 1662 1198 1724 opus
1244 1647 1341 1705 est
1373 1644 1468 1716 ei;
1505 1643 1638 1704 suis
1671 1644 1847 1704 enim
1880 1640 2045 1705 solet
2077 1641 2503 1726 triumphare,
2534 1662 2669 1707 non

319 1751 540 1809 autem
587 1748 683 1809 eis
714 1763 876 1827 quae
929 1748 1196 1827 propter
1241 1762 1388 1807 eam
1436 1743 1519 1806 ab
1552 1742 1700 1806 aliis
1733 1746 2176 1807 inveniuntur.
2203 1743 2480 1826 Etenim,
2516 1764 2669 1810 con-

197 1866 257 1909 io
313 1846 514 1911 fessio
561 1851 808 1928 nostra,
859 1846 1222 1926 christiani,
1272 1865 1390 1928 per
1435 1842 1626 1908 fidem
1665 1844 1831 1909 solet
1860 1844 2173 1920 stabiliri;
2210 1850 2295 1927 et,
2329 1850 2479 1929 quia
2510 1845 2669 1911 fides

317 1956 436 2033 est,
487 1970 634 2014 cum
680 1948 804 2013 fide
853 1948 1039 2013 decet
1084 1968 1206 2012 nos
1251 1947 1330 2012 de
1371 1968 1452 2011 ea
1481 1953 1789 2011 tractare.
1826 1946 2157 2031 Sapientia
2198 1956 2414 2015 autem
2447 1949 2671 2013 mundi

317 2052 562 2134 verbiS,
613 2070 776 2135 quae
824 2054 1286 2115 existimantur
1331 2049 1540 2131 docta,
1589 2049 1753 2113 solet
1798 2049 2135 2132 illustrari,
2186 2056 2251 2113 et
2295 2071 2415 2135 per
2460 2054 2669 2115 scien-

315 2157 478 2217 tiam
527 2153 870 2237 disciplina
919 2156 1366 2236 comparatam
1412 2156 1476 2215 et
1523 2170 1641 2236 per
1683 2151 1979 2234 linguam
2012 2150 2321 2215 disertam
2362 2156 2670 2236 peritam-

319 2272 441 2336 que
491 2251 779 2316 revelari
827 2256 894 2315 et
943 2250 1240 2314 stabiliri.
1292 2250 1385 2313 De
1429 2248 1555 2313 fide
1601 2269 1763 2315 vero
1811 2249 1921 2313 ille
1953 2249 2129 2314 solus
2158 2255 2447 2315 tractare
2484 2254 2669 2315 novit

201 2374 260 2415 ιτ»
319 2356 430 2436 qui
476 2360 665 2418 curat
709 2352 788 2417 de
837 2372 918 2417 ea
966 2350 1246 2417 fideliter
1292 2351 1486 2435 loqui,
1536 2351 1775 2415 docens
1820 2350 2013 2415 fidem
2060 2372 2177 2435 per
2220 2350 2432 2435 fidem,
2482 2356 2665 2435 sicut,

317 2460 390 2519 ut
437 2458 530 2519 ita
577 2455 888 2537 dicamuS,
937 2457 1045 2538 qui
1089 2454 1268 2518 videt
1306 2454 1516 2519 lucem
1564 2474 1680 2537 per
1711 2454 1941 2536 lucem,
1976 2459 2041 2518 et
2072 2454 2151 2517 de
2198 2456 2333 2519 Deo
2376 2461 2670 2519 tractans

319 2562 487 2623 sicut
535 2559 736 2622 Deum
786 2556 988 2621 decet.
1039 2556 1206 2620 Nam
1251 2560 1360 2639 qui
1406 2557 1628 2620 verbis
1673 2554 2015 2641 profitetur
2060 2578 2127 2621 se
2173 2562 2401 2621 tenere
2455 2555 2667 2640 fidem,

321 2661 402 2725 de
453 2681 530 2725 ea
579 2668 798 2725 autem
845 2664 1087 2725 tractat
1133 2660 1781 2744 interpretationibus
1827 2659 2081 2725 callidis
2112 2664 2176 2723 et
2208 2663 2458 2741 astutiS,
2493 2659 2671 2723 aliud

320 2761 668 2827 confitetur
712 2782 782 2827 se
831 2760 1070 2842 dicere,
1121 2759 1300 2825 aliud
1344 2780 1504 2825 vero
1551 2761 1774 2825 verbis
1820 2765 1953 2825 suis
2000 2762 2417 2827 demonstrat.

196 2888 261 2929 ⁴20
409 2865 632 2947 Itaque
677 2884 798 2929 nos
847 2863 926 2928 de
973 2862 1100 2928 fide
1147 2866 1285 2947 spei
1329 2870 1594 2927 nostrae
1641 2863 2054 2947 disseremuS,
2104 2867 2269 2929 sicut
2316 2866 2481 2930 haec
2510 2864 2670 2931 fides

321 2968 512 3033 nobis
559 2966 762 3031 dictat
807 2966 888 3031 de
937 2986 1016 3030 ea
1063 2972 1370 3031 tractare.
1431 2966 1745 3030 Absoluto
1798 2986 2097 3031 sermone
2153 2967 2231 3031 de
2285 2974 2523 3033 natura
2572 2990 2672 3033 es-

319 3072 592 3151 sentiae,
642 3089 766 3152 quo
819 3068 1162 3152 probatum
1209 3073 1306 3131 est
1351 3087 1552 3131 unum
1598 3088 1739 3131 esse
1786 3070 1856 3131 in
1902 3069 2111 3132 tribus
2158 3074 2221 3133 et
2252 3076 2389 3135 tres
2417 3073 2493 3149 in,
2518 3091 2668 3154 un0,

321 3169 858 3253 quemadmodum
905 3168 1071 3233 haec
1117 3166 1394 3233 *natura
1440 3167 1666 3232 divina
1711 3188 1833 3233 nos
1879 3168 2096 3233 docuit
2127 3176 2197 3232 ut
2236 3174 2442 3254 ipsam
2473 3170 2670 3236 confi·
2727 3194 2779 3247 p.
2814 3179 2900 3231 34.

320 3277 598 3353 teamur,
646 3291 821 3335 nunc
869 3270 1338 3354 aggrediemur
1384 3270 1738 3334 secundum
1770 3270 2083 3353 ordinem,
2118 3275 2319 3335 etiam
2350 3276 2672 3355 quaestio·-

199 3398 262 3440 25
322 3393 474 3437 nem
521 3373 600 3437 de
649 3372 1128 3457 dispensatione
1176 3375 1246 3435 in
1292 3392 1512 3452 carne,
1562 3392 1726 3455 quae
1774 3372 1856 3435 ab
1902 3392 2034 3435 una
2082 3392 2167 3435 ex
2214 3377 2508 3455 personis
2552 3394 2671 3438 na-

327 3480 519 3539 turae
551 3475 768 3560 palam
803 3473 1152 3558 adimpleta
1185 3480 1300 3539 est.
1335 3475 1506 3539 Deus
1551 3478 1725 3538 enim
1756 3474 2066 3556 Verbum,
2101 3474 2305 3538 Filius
2348 3476 2671 3540 naturalis

329 3582 396 3641 et
427 3582 752 3659 aeternus,
787 3583 938 3641 ante
971 3583 1268 3660 tempora
1299 3582 1364 3640 et
1395 3576 1656 3641 saecula
1688 3574 2108 3640 ineffabiliter
2140 3597 2179 3641 a
2212 3578 2343 3641 Deo
2375 3582 2440 3641 et
2470 3579 2669 3641 Patre

327 3683 606 3763 genitus,
656 3698 774 3763 per
823 3699 1011 3762 quem
1067 3684 1330 3743 creatae
1385 3683 1532 3742 sunt
1585 3683 1865 3743 naturae
1920 3698 2144 3743 omnes
2196 3680 2561 3743 invisibiles
2606 3687 2671 3744 et

323 3781 635 3864 visibiles,
684 3780 938 3847 caelum
969 3785 1036 3845 et
1064 3786 1314 3844 terram
1345 3786 1410 3845 et
1457 3783 1674 3845 omnia
1722 3800 1885 3863 quae
1916 3783 1987 3843 in
2018 3784 2115 3845 eis
2145 3788 2313 3864 sunt,
2347 3788 2671 3865 postremo

207 3907 271 3950 30
328 3884 658 3947 hominem
691 3902 777 3946 ex
806 3887 990 3947 terra
1023 3887 1088 3946 et
1119 3885 1338 3947 anima
1371 3882 1455 3947 ad
1485 3885 1841 3965 imaginem
1874 3888 1939 3946 et
1970 3884 2456 3949 similitudinem
2490 3905 2671 3949 suam

323 3983 653 4049 formavit.
704 3984 828 4048 Cui
873 3983 1192 4047 honorem
1237 3990 1302 4047 et
1351 3984 1630 4066 gloriam
1676 3983 1999 4067 perditam
2045 3988 2391 4049 restituere
2444 3987 2673 4051 volens

325 4108 598 4170 eumque
647 4087 948 4151 exaltare
996 4085 1166 4149 unde
1215 4086 1432 4171 lapsus
1477 4091 1642 4168 erat,
1690 4088 1817 4151 hac
1864 4085 1943 4151 de
1990 4106 2189 4151 causa
2220 4092 2675 4171 incorporatus

324 4193 426 4253 est
473 4194 541 4252 et
585 4188 1052 4252 inhumanatus
1097 4194 1168 4251 ut
1213 4188 1544 4252 hominem
1582 4187 1795 4252 denuo
1825 4208 2067 4253 novam
2098 4194 2469 4253 creaturam
2500 4193 2570 4253 in
2602 4211 2671 4255 se

323 4290 594 4355 faceret.
643 4289 1046 4373 Impossibile
1093 4292 1269 4353 enim
1315 4295 1461 4354 erat
1497 4309 1618 4355 nos
1648 4290 1733 4355 ad
1763 4290 1973 4355 locum
2006 4291 2177 4355 unde
2217 4291 2673 4357 excideramus

207 4417 269 4459 ιτ)
325 4390 748 4474 adscendere,
797 4394 926 4456 nisi
961 4392 1130 4455 Deus
1175 4391 1610 4475 personaliter
1661 4394 2198 4475 incorporaretur
2242 4412 2329 4457 ex
2374 4394 2561 4459 nobis
2607 4401 2673 4458 et

323 4494 522 4559 homo
547 4497 713 4559 sicut
743 4513 866 4557 nos
897 4497 1038 4559 sine
1069 4498 1448 4570 mutatione,
1483 4493 1723 4577 absque
1755 4500 2040 4577 peccatO,
2066 4492 2270 4559 fieret.
2305 4495 2473 4564 Nam
2503 4497 2673 4562 Deus
