3400 5642
180 1616 231 1660 10

182 2127 232 2170 15

1240 538 1352 620 44(
1401 535 1530 600 145
1574 538 1685 620 >x-

280 684 493 765 oculo,
544 688 609 746 et
655 703 851 747 sonus
912 702 1092 764 aure,
1157 687 1223 746 et
1268 681 1431 746 odor
1476 683 1767 762 naribuS,
1832 687 1896 746 et
1959 700 2226 764 sapores
2287 680 2524 764 palatO,
2575 687 2642 744 et

280 786 539 850 tactilia
584 789 782 849 tactu.
832 783 933 848 Ita
980 789 1045 848 et
1090 803 1172 848 ea
1212 803 1375 867 quae
1422 783 2106 867 incomprehensibilia
2146 789 2293 847 sunt
2339 780 2464 846 fide
2496 803 2644 866 per-

282 890 637 971 cipiuntur.
681 887 761 950 Et
792 883 1333 969 quemadmodum
1362 887 1706 968 unicuique
1739 887 1956 948 sensui
1987 888 2154 948 inest
2184 887 2287 947 vis
2317 883 2644 948 naturalis

282 988 687 1074 percipiendi
732 1007 812 1052 ea
858 1006 1022 1071 quae
1070 991 1134 1051 ei
1196 987 1394 1051 semel
1444 986 1595 1050 data
1658 991 1808 1050 sunt
1867 991 1938 1049 ut
1991 989 2374 1070 perciperet,
2423 990 2516 1050 ita
2579 992 2644 1049 et

282 1090 451 1154 fides
492 1094 631 1154 vim
676 1090 873 1154 habet
919 1089 1320 1173 percipiendi
1352 1108 1432 1152 ea
1480 1107 1644 1172 quae
1678 1089 1798 1152 sub
1829 1091 2142 1154 scientiae
2189 1089 2482 1152 sensibus
2513 1107 2640 1152 non

285 1193 562 1269 cadunt;
614 1213 778 1276 quae
826 1192 1017 1256 simul
1064 1211 1142 1256 ac
1189 1194 1463 1275 percipit
1509 1195 1809 1273 miratur,
1859 1190 1972 1256 sed
2018 1211 2146 1254 non
2199 1191 2507 1256 declarat.
2560 1191 2644 1253 Et

284 1294 827 1380 quemadmodum
874 1296 1151 1358 scientia
1199 1300 1265 1358 et
1308 1313 1524 1357 sermo
1574 1293 1653 1357 de
1703 1296 1799 1357 eis
1844 1313 2008 1377 quae
2042 1295 2160 1357 suh
2199 1295 2492 1358 sensibus
2532 1313 2642 1377 po-

287 1405 534 1462 nuntur
578 1400 869 1461 animam
914 1395 1182 1480 implent
1228 1416 1375 1460 cum
1423 1398 1641 1459 anima
1694 1399 2134 1479 cognitionem
2190 1415 2415 1460 eorum
2462 1399 2533 1459 in
2572 1415 2641 1459 se

287 1502 543 1584 recipit,
577 1501 670 1563 ita
718 1504 781 1563 et
814 1518 895 1563 ea
956 1519 1119 1582 quae
1166 1518 1364 1582 supra
1411 1518 1635 1562 sensus
1682 1504 1828 1562 sunt
1875 1501 2159 1562 animam
2207 1497 2637 1562 admiratione

285 1602 563 1687 implent
593 1622 740 1666 cum
786 1621 905 1685 per
948 1599 1141 1666 fidem
1188 1603 1667 1684 perceptionem
1715 1619 1942 1664 eorum
1991 1604 2240 1684 recipit.

378 1705 547 1769 Ecce
579 1709 642 1768 et
668 1703 828 1768 illud
859 1703 1027 1786 quod
1054 1708 1382 1766 tenemus:
1439 1722 1475 1764 <
1500 1702 1704 1765 Deum
1735 1705 1952 1767 omnia
1984 1722 2070 1766 ex
2097 1703 2299 1767 nihilo
2323 1701 2555 1767 fecisse
2584 1725 2644 1786 »,

286 1827 411 1891 per
440 1805 631 1870 fidem
664 1811 913 1869 tantum
942 1805 1277 1885 habemuS,
1310 1807 1477 1868 sicut
1510 1804 1677 1868 dixit
1709 1807 1910 1868 etiam
1939 1804 2286 1888 Apostolus
2310 1804 2369 1867 ¹:
2418 1826 2454 1868 <
2487 1804 2644 1869 Fide

286 1909 733 1992 intellegimus
780 1913 1001 1990 aptata
1048 1927 1191 1970 esse
1238 1905 1500 1970 saecula
1547 1907 1751 1971 verbo
1799 1907 1935 1989 Dei,
1983 1911 2053 1969 ut
2085 1927 2171 1970 ex
2208 1907 2646 1971 invisibilibus

286 2009 581 2074 visibilia
604 2007 833 2072 fierent
856 2029 917 2070 ».
966 2006 1149 2080 Quod
1172 2011 1228 2071 si
1251 2005 1375 2071 fide
1408 2009 1762 2091 accipimus
1794 2013 2063 2072 naturas
2095 2029 2181 2072 ex
2204 2008 2412 2072 nihilo
2437 2007 2646 2072 factas

286 2133 437 2177 esse
484 2116 549 2175 et
595 2111 727 2175 alia
774 2130 973 2195 opera
1019 2110 1141 2174 *ex
1173 2113 1269 2173 eis
1299 2112 1647 2174 constituta
1679 2131 1842 2191 esse,
1877 2110 2026 2194 quid
2059 2110 2138 2175 de
2191 2132 2226 2174 ‹<
2259 2109 2405 2174 fieri
2439 2132 2474 2174 »
2528 2112 2646 2174 Dei

286 2218 535 2279 sentire
582 2219 697 2277 aut
744 2213 961 2277 dicere
995 2211 1353 2296 possimus?
1402 2212 1491 2275 De
1542 2213 1665 2276 hoc
1712 2215 1883 2276 enim
1916 2212 2340 2296 Evangelista
2375 2219 2441 2277 et
2474 2213 2647 2296 Apo-

286 2316 497 2382 stolus
539 2315 708 2380 nihil
756 2315 1031 2398 amplius
1086 2313 1303 2378 dicere
1367 2320 1715 2398 potuerunt
1776 2335 1968 2398 quam
2014 2335 2161 2379 eum
2208 2314 2452 2380 factum
2502 2336 2644 2379 esse

287 2426 355 2483 et
380 2417 553 2482 unde
579 2416 790 2482 factus
820 2419 920 2480 sit.
951 2415 1274 2480 Iohannes
1305 2415 1559 2499 quidem
1594 2415 1793 2479 dixit:
1834 2437 1870 2479 ‹<
1897 2416 2187 2480 Verbum
2212 2435 2370 2481 caro
2401 2415 2646 2480 factum

288 2527 392 2585 est
438 2524 503 2584 et
547 2519 874 2583 habitavit
918 2521 988 2581 in
1035 2519 1221 2582 nobis
1252 2538 1325 2594 »;
1392 2523 1456 2582 et
1502 2518 1748 2582 Paulus
1772 2521 1830 2580 ²:
1899 2539 1934 2581 «
1969 2518 2147 2582 Misit
2192 2519 2363 2583 Deus
2408 2518 2645 2582 Filium

288 2643 481 2687 suum
503 2620 747 2686 factum
774 2641 857 2684 ex
889 2620 1163 2685 muliere
1189 2641 1264 2696 »;
1292 2624 1508 2704 sicque
1540 2621 1752 2703 amb0,
1787 2623 2087 2705 mysterii
2117 2624 2258 2685 eius
2297 2623 2405 2704 qui
2435 2620 2648 2685 factus

287 2729 393 2788 est
416 2725 676 2804 conscii,
709 2723 879 2805 Enti,
912 2722 979 2786 id
1010 2728 1125 2804 est,
1152 2721 1321 2786 Filio
1345 2722 1898 2805 consubstantiali,
1925 2723 2314 2787 vocabulum
2351 2743 2387 2785 <
2413 2721 2560 2786 fieri
2585 2744 2644 2805 »,

288 2827 463 2911 quod
510 2845 629 2910 pro
675 2844 855 2890 more
903 2825 981 2889 de
1028 2843 1244 2907 carne,
1295 2825 1577 2906 homine,
1627 2827 1986 2908 ceterisque
2035 2828 2360 2889 creaturis
2389 2825 2650 2908 praedi—

288 2935 501 3009 catur,
548 2927 936 2992 tribuerunt.
986 2927 1103 2991 Ille
1150 2926 1309 2991 dicit
1354 2927 1647 2990 Verbum
1692 2946 1959 2991 carnem
2027 2948 2063 2990 ‹<
2097 2926 2345 2991 factum
2391 2946 2534 2990 esse
2571 2947 2644 3002 »3

290 3031 405 3095 hic
434 3049 595 3094 vero
627 3029 863 3093 Filium
915 3051 950 3093 ‹<
974 3028 1219 3094 factum
1252 3049 1393 3092 esse
1428 3051 1463 3092 »
1516 3029 1864 3092 hominem.
1915 3029 2037 3093 Hic
2071 3049 2194 3094 non
2244 3029 2409 3093 dixit
2439 3029 2651 3093 homi-

292 3153 443 3198 nem
490 3136 598 3215 qui
644 3131 723 3196 de
770 3151 951 3196 more
998 3130 1071 3194 fit
1100 3151 1249 3196 cum
1293 3151 1421 3195 non
1469 3134 1744 3195 exsistat
1787 3130 2032 3196 factum
2079 3151 2239 3213 esse,
2280 3151 2488 3214 neque
2534 3130 2647 3195 ille

289 3254 563 3301 carnem
596 3239 893 3298 recenter
922 3232 1163 3298 factam
1196 3253 1371 3308 esse;
1421 3232 1535 3297 sed
1566 3233 1758 3297 ambo
1796 3254 1832 3296 <
1864 3231 2010 3297 fieri
2043 3255 2078 3297 »
2130 3236 2192 3298 ei
2239 3235 2346 3317 qui
2393 3235 2651 3297 exsistit

290 3338 686 3418 tribuerunt,
733 3355 859 3400 non
908 3355 1027 3419 per
1070 3338 1455 3419 opinionem,
1520 3355 1638 3400 nec
1685 3355 1803 3419 per
1849 3339 2308 3419 acceptionem,
2358 3355 2477 3399 nec
2533 3355 2652 3419 per

290 3439 790 3520 derivationem,
822 3458 959 3502 nec
1005 3457 1123 3522 per
1160 3437 1661 3523 appellationem
1692 3438 2223 3522 metaphoricam,
2257 3441 2350 3502 ita
2375 3442 2446 3501 ut
2479 3437 2652 3501 alter

294 3563 331 3604 «
358 3545 446 3606 sit
471 3562 508 3605 »
559 3548 624 3605 et
655 3541 849 3605 alteri
899 3560 935 3603 ⁴<
968 3538 1113 3603 fieri
1146 3563 1181 3604 >›
1231 3541 1578 3621 tribuatur,
1612 3539 1727 3604 sed
1750 3560 1868 3624 per
1898 3543 2246 3604 veritatem
2294 3560 2485 3605 secun
2497 3539 2648 3604 dum

293 3649 601 3709 naturam
647 3646 749 3707 rei
793 3645 1011 3727 ipsius,
1075 3642 1259 3714 Quod
1320 3646 1724 3726 mysterium,
1789 3662 1933 3706 cum
1981 3661 2218 3706 revera
2265 3644 2358 3707 ita
2403 3641 2648 3707 factum

295 3749 381 3810 sit
429 3748 596 3810 sicut
640 3748 953 3829 scriptum
999 3750 1115 3826 est,
1148 3744 1608 3829 comprehendi
1654 3748 1878 3829 nequit
1907 3747 2046 3810 sive
2081 3747 2354 3809 scientia
2400 3749 2648 3827 nostra,

294 3852 437 3912 sive
484 3850 759 3912 scientia
820 3847 1169 3911 cuiuslibet·
1208 3849 1471 3911 virtutis
1534 3846 1867 3931 spiritalis,
1931 3850 2070 3910 sive
2119 3850 2318 3910 etiam
2379 3849 2650 3912 scientia

292 3956 669 4016 sanctorum
716 3949 1156 4034 apostolorum
1204 3955 1267 4012 et
1305 3950 1883 4033 evangelistarum,
1934 3949 2046 4014 sed
2077 3955 2330 4014 tantum
2377 3952 2650 4014 scientia

294 4057 439 4118 eius
486 4055 593 4136 qui
638 4051 851 4116 factus
896 4056 1012 4134 est,
1060 4051 1357 4135 intellegi
1404 4058 1629 4135 potest.
1682 4052 1824 4136 Ipse
1873 4055 2048 4117 enim
2097 4051 2288 4134 soluS,
2338 4072 2482 4117 cum
2533 4073 2649 4117 suo

293 4155 497 4220 Patre
544 4160 609 4218 et
646 4153 893 4239 Spiritu
922 4157 1063 4218 eius
1108 4160 1349 4236 sanct0,
1384 4157 1826 4238 cognitionem
1859 4154 2286 4238 adaequatam
2321 4157 2650 4219 actionum

294 4276 566 4321 suarum
610 4256 925 4340 possidet;
975 4261 1234 4321 ceterae
1266 4276 1427 4320 vero
1460 4261 1809 4321 creaturae
1856 4276 1941 4320 ex
1974 4255 2198 4320 auditu
2243 4261 2495 4320 tantum
2535 4277 2653 4340 per

294 4357 491 4424 fidem
536 4358 899 4423 doctrinam
947 4358 1025 4422 de
1058 4358 1427 4422 huiusmodi
1458 4358 1654 4423 rebus
1703 4361 2045 4442 accipiunt.
2097 4358 2263 4424 Nam
2293 4359 2454 4425 illud
2487 4360 2652 4445 quod

392 4581 411 4613 ¹
440 4582 638 4647 Hebr„
670 4594 754 4643 ιι,
791 4579 840 4635 3.
882 4611 946 4619 ——
986 4579 1007 4611 ²
1038 4581 1194 4646 Gal„
1232 4593 1315 4644 tv,
1350 4583 1401 4634 4.

517 4756 652 4798 xus·
696 4774 757 4783 —
798 4757 853 4797 Β.
890 4773 959 4782 -
995 4756 1185 4798 xxvn.
2375 4747 2441 4800 10

2701 2146 2756 2200 p.
2793 2130 2913 2184 194.
