3400 5642
195 1579 247 1622 10

196 2093 248 2136 15

192 3119 249 3163 25

194 4139 253 4182 35

1254 504 1363 582 a<
1414 497 1538 562 157
1589 503 1698 581 >x-

302 647 471 709 haec
526 650 765 725 tamen,
824 645 1235 727 quantumvis
1295 642 1499 708 multa
1560 661 1926 724 magnaque
1988 645 2136 722 sint,
2194 642 2371 704 Iesus
2431 647 2656 704 noster

300 767 437 812 non
476 751 815 830 reputatus
846 753 960 827 est,
996 765 1117 810 nec
1147 744 1439 810 Verbum
1468 763 1591 808 nec
1624 741 1796 807 filius
1821 744 1940 806 Dei
1963 743 2316 808 secundum
2347 747 2653 806 naturam

300 850 571 914 habitus
616 854 731 913 est.

392 951 539 1015 Non
561 953 769 1034 igitur
792 949 1183 1014 excellentia
1210 950 1477 1014 honoris
1508 969 1716 1031 neque
1749 948 2143 1032 praeelectio
2177 947 2458 1030 aliquem
2494 946 2655 1010 facit

299 1055 529 1136 Deum,
578 1056 745 1117 sicut
789 1052 1015 1117 videre
1062 1058 1160 1116 est
1206 1055 1404 1116 etiam
1452 1072 1537 1116 ex
1584 1055 1679 1116 eis
1727 1071 1890 1136 quae
1939 1051 2109 1135 apud
2141 1050 2333 1116 Iacob
2383 1057 2446 1114 et
2479 1050 2654 1113 Esau

300 1157 483 1222 facta
528 1161 697 1220 sunt.
746 1156 1023 1237 Etenim,
1049 1155 1203 1220 licet
1236 1157 1480 1238 gemini
1512 1160 1746 1236 essent,
1779 1157 1849 1217 in
1881 1159 2068 1218 utero
2100 1153 2290 1218 simul
2337 1156 2652 1235 concepti,

303 1264 371 1322 et
420 1279 507 1322 ex
552 1257 779 1322 eodem
827 1263 1010 1341 patre
1074 1257 1425 1340 eademque
1472 1263 1682 1320 matre
1735 1259 1894 1338 nati,
1944 1256 2136 1320 Iacob
2183 1255 2358 1321 solus
2411 1254 2656 1318 electus

302 1367 407 1426 est
452 1366 518 1425 et
549 1361 943 1444 patriarchis
975 1359 1459 1440 adnumeratus,
1494 1360 1671 1424 Esau
1703 1365 1921 1424 autem
1960 1362 2251 1431 reiectus
2275 1363 2391 1439 est,
2437 1377 2655 1440 quem-

304 1463 657 1528 admodum
702 1465 901 1527 etiam
944 1462 1189 1526 Paulus
1233 1463 1401 1526 dixit
1432 1461 1483 1525 ¹:
1540 1483 1576 1524 «
1608 1462 2048 1544 Praecognita
2103 1466 2199 1525 est
2253 1461 2484 1524 electio
2541 1459 2658 1522 Dei

301 1573 378 1630 ut
426 1571 741 1647 maneret,
774 1585 907 1630 non
954 1585 1039 1630 ex
1070 1565 1393 1648 operibuS,
1427 1564 1541 1630 sed
1572 1585 1659 1628 ex
1689 1569 1987 1628 vocante.
2030 1565 2283 1628 Dictum
2317 1570 2415 1627 est
2445 1564 2652 1626 enim:

302 1669 525 1732 Maior
570 1671 814 1732 serviet
859 1671 1117 1743 minori,
1176 1670 1341 1732 sicut
1404 1671 1716 1751 scriptum
1777 1673 1905 1732 est:
1965 1667 2158 1731 Iacob
2209 1665 2430 1747 dilexi,
2481 1665 2658 1728 Esau

303 1776 530 1834 autem
578 1769 725 1834 odio
770 1771 1063 1834 habui».
1132 1771 1227 1833 Ita
1282 1775 1348 1834 et
1392 1769 1597 1851 Isaac,
1662 1790 1890 1833 eorum
1947 1774 2153 1853 pater,
2218 1768 2480 1832 videtur
2541 1787 2659 1850 per

302 1872 694 1936 electionem
740 1873 1101 1936 honoratus
1160 1872 1379 1936 fuisse.
1445 1872 1615 1936 Deus
1667 1875 1842 1936 enim
1907 1870 1989 1935 ad
2049 1871 2388 1936 Abraham
2451 1871 2529 1935 de
2579 1891 2658 1936 eo

302 1975 554 2038 dixit2:
608 1995 643 2036 ‹<
678 1975 751 2037 In
782 1973 968 2038 Isaac
1000 1975 1343 2038 vocabitur
1374 1974 1492 2037 tibi
1532 1994 1754 2038 semen
1787 1994 1860 2049 »3
1911 1973 2052 2038 et3:
2109 1997 2142 2037 ‹<
2179 1973 2658 2038 Benedicentur

304 2080 381 2140 in
414 2079 659 2140 semine
692 2082 801 2140 tuo
834 2096 1059 2140 omnes
1092 2085 1321 2158 gentes
1345 2097 1402 2139 ».
1438 2075 1617 2147 Quae
1644 2076 1990 2160 Apostolus
2013 2079 2454 2160 interpretans
2479 2075 2656 2140 clare

304 2178 593 2244 ostendit
622 2177 885 2242 Christo
926 2181 1279 2242 convenire
1310 2184 1377 2241 et
1409 2178 1487 2242 de
1519 2199 1598 2242 eo
1631 2177 1780 2261 dici,
1813 2184 1884 2242 ut
1917 2178 2154 2243 exinde
2187 2197 2660 2262 cognoscamus

304 2284 531 2345 omnia
580 2300 741 2363 quae
788 2280 919 2344 illis
965 2281 1432 2363 contingebant
1462 2280 1663 2346 fuisse
1694 2287 1884 2366 typos
1915 2288 1980 2345 et
2012 2281 2307 2365 symbola
2339 2287 2404 2344 et
2435 2300 2660 2344 exem-

303 2384 418 2467 pla
449 2384 678 2466 quibus
710 2385 1224 2447 annunciaretur
1271 2386 1328 2447 is
1376 2385 1484 2466 qui
1530 2387 1598 2446 in
1645 2382 1772 2447 fine
1820 2390 2136 2448 venturus
2187 2389 2350 2466 erat,
2385 2403 2520 2447 non
2553 2387 2661 2466 qui

302 2485 498 2550 fieret
544 2505 689 2549 cum
736 2505 867 2550 non
914 2488 1281 2568 exsisteret,
1315 2484 1428 2550 sed
1461 2489 1569 2570 qui
1600 2486 2014 2550 revelaretur
2045 2507 2131 2551 ex
2163 2507 2240 2551 eo
2274 2486 2442 2569 quod
2477 2495 2652 2562 erat3

307 2607 504 2671 quem
554 2607 700 2651 cum
761 2587 1177 2652 absconditus
1238 2594 1409 2652 esset
1469 2592 1608 2673 typi
1670 2593 1736 2652 et
1797 2591 1990 2672 signa
2052 2589 2682 2678 manifestaveram„

303 2691 475 2753 Cum
522 2695 737 2754 autem
786 2692 855 2753 in
902 2709 1101 2754 carne
1150 2710 1307 2754 vere
1370 2691 1701 2756 revelatus
1747 2697 1864 2774 est,
1913 2692 2092 2756 clare
2156 2691 2374 2758 docuit
2435 2692 2662 2756 adum-

304 2793 678 2856 brationem
703 2793 1259 2856 inhumanationis
1282 2813 1477 2876 super
1500 2796 1744 2877 primos
1767 2793 2064 2858 homines
2087 2795 2398 2860 cecidisse
2423 2815 2658 2879 eosque

306 2894 691 2957 honorasse.

402 2994 724 3079 Scriptum
758 3001 855 3060 est
886 2999 1085 3060 etiam
1116 2995 1194 3060 de
1226 2996 1363 3060 Noe
1396 2999 1584 3078 iust0‚
1619 3018 1764 3061 cum
1797 3004 2199 3080 nasceretur,
2235 3005 2486 3082 patrem
2518 3002 2660 3064 eius

308 3099 393 3162 de
428 3117 505 3162 eo
531 3097 1021 3181 prophetavisse
1044 3098 1267 3164 dicens
1287 3103 1342 3164 ⁴¹:
1382 3120 1417 3164 ‹<
1442 3099 1571 3164 Iste
1604 3100 2049 3165 consolabitur
2079 3120 2198 3164 nos
2237 3102 2320 3164 ab
2355 3102 2659 3185 operibus

306 3199 417 3265 *et
460 3199 795 3264 laboribus
840 3220 1148 3266 manuum
1194 3207 1567 3267 nostrarum
1600 3208 1665 3266 et
1712 3222 1752 3266 a
1783 3209 1964 3266 terra
2011 3206 2116 3266 cui
2147 3203 2488 3268 maledixit
2534 3205 2659 3268 Do-

307 3305 529 3366 minus
560 3291 729 3366 Deus
755 3325 812 3366 ».
870 3305 963 3385 Et,
998 3302 1348 3368 secundum
1381 3303 1505 3368 hoc
1536 3305 1829 3386 verbum,
1865 3311 2173 3386 quantum
2204 3304 2349 3370 fieri
2381 3311 2656 3390 poterat,

307 3403 825 3469 consolationem
856 3425 975 3488 per
1008 3425 1159 3482 eum·
1185 3409 1450 3489 accepit.
1486 3406 1624 3471 Hoc
1656 3409 1829 3470 enim
1861 3413 2150 3490 tempore
2193 3427 2399 3490 genus
2429 3407 2660 3472 huma-

306 3527 469 3572 num
516 3513 580 3570 et
628 3514 827 3589 terra,
876 3511 981 3572 cui
1025 3507 1463 3572 maledixerat
1492 3509 1804 3573 Dominus
1834 3529 2032 3573 causa
2064 3513 2332 3592 peccati,
2383 3510 2501 3574 sub
2540 3513 2659 3574 tri-

306 3611 492 3673 stitia
538 3611 901 3672 sententiae
948 3609 1356 3674 tenebantur.
1408 3609 1680 3692 Rursus,
1729 3609 1959 3674 electio
2008 3631 2126 3694 per
2157 3613 2660 3694 praescientiam

309 3713 543 3794 agnita
568 3716 667 3774 est
698 3715 895 3774 etiam
928 3711 1098 3795 apud
1128 3712 1381 3776 Phares
1412 3718 1477 3776 et
1506 3713 1691 3777 Zara.
1727 3713 2005 3796 Etenim,
2039 3713 2192 3778 licet
2221 3721 2460 3779 natura
2491 3715 2660 3780 Zara

308 3799 593 3896 primum
640 3813 849 3895 quoad
894 3817 1307 3880 nativitatem
1340 3815 1717 3898 ostenderit,
1753 3816 1985 3881 electio
2017 3817 2315 3882 ordinem
2347 3821 2658 3894 mutavit;

308 3935 467 3980 nam
515 3921 845 3999 postquam
888 3919 1223 3981 coccinum
1272 3917 1548 4000 ligatum
1602 3918 1727 3982 fuit
1772 3921 1842 3982 in
1889 3939 2087 3984 manu
2117 3921 2286 3984 Zara
2334 3923 2442 4004 qui
2480 3923 2664 4004 prior

310 4020 548 4100 exiret,
596 4019 733 4102 ipse
782 4039 1044 4084 manum
1091 4039 1273 4084 suam
1322 4023 1621 4103 retraxit,
1672 4027 1736 4085 et
1783 4025 1891 4104 qui
1936 4025 2258 4105 posterior
2289 4027 2433 4087 erat
2482 4026 2664 4106 prior

309 4125 509 4184 natus
555 4126 653 4184 est
700 4126 763 4184 et
809 4124 1313 4205 primogenitum
1346 4143 1414 4186 se
1448 4122 1731 4189 ostendit
1749 4123 1790 4186 5.
1827 4124 2004 4188 Haec
2041 4127 2136 4188 eis
2169 4125 2546 4189 acciderunt
2580 4127 2663 4190 ab

310 4226 507 4286 utero
552 4222 743 4286 simul
790 4242 867 4287 ac
912 4224 1368 4292 nascebantur.
1418 4225 1686 4307 Verum,
1737 4226 1906 4309 apud
1951 4227 2264 4309 Ephraim
2298 4233 2362 4290 et
2402 4227 2662 4291 Manas-

404 4459 423 4490 ¹
454 4462 643 4522 Rom„
676 4474 759 4522 11.
801 4461 972 4516 12-13.
1016 4491 1086 4502 -
1128 4462 1150 4494 ²
1192 4464 1353 4526 Gen..
1389 4478 1513 4524 xxl,
1555 4465 1638 4517 12.
1677 4495 1742 4504 -
1784 4464 1804 4494 ³
1840 4467 2001 4527 Gen..
2041 4479 2182 4526 xxn.
2223 4467 2305 4520 18.
2348 4495 2406 4506 —·
2450 4466 2473 4497 ⁴
2504 4470 2665 4532 Gen„

313 4559 373 4606 v,
410 4545 500 4598 29.
536 4573 607 4583 -
644 4543 665 4574 ⁵
696 4546 853 4613 Gen,
892 4559 1147 4608 xxxvm,
1183 4547 1364 4602 27-30.

2711 3210 2768 3265 p.
2801 3195 2930 3250 212.
