3400 5642
229 1646 284 1691 10

231 2156 284 2200 15

1308 571 1422 657 -2<(
1471 572 1556 633 77
1609 570 1726 658 »ῖ-

340 710 673 794 mundum,
706 716 776 775 ut
821 708 1096 774 *Filium
1123 696 1332 775 'suum
1387 712 1812 796 Unigenitum
1859 734 1977 798 pro
2024 735 2103 779 eo
2151 714 2429 780 daret».
2482 715 2549 780 Si
2581 736 2696 780 au-

337 820 475 879 tem
523 832 604 878 eo
649 812 816 897 quod
846 819 1141 877 mortuus
1171 818 1275 878 est
1307 834 1426 898 pro
1457 816 1645 879 nobis
1679 815 1905 901 Filius,
1955 820 2258 901 apparuit
2304 837 2509 900 amor,
2559 821 2696 882 evi-

339 917 577 981 denter
621 918 820 981 etiam
867 936 946 980 eo
993 915 1160 999 quod
1194 916 1407 981 factus
1454 922 1552 981 est
1597 918 1804 983 homo
1840 938 1858 994 ,·
1902 938 2056 983 nam
2088 923 2219 983 nisi
2266 922 2447 1003 prius
2486 920 2699 985 factus

337 1024 514 1083 esset
562 1018 776 1101 homo,
813 1021 982 1082 mori
1011 1038 1142 1083 non
1174 1021 1519 1103 potuisset;
1555 1039 1709 1084 nam
1750 1021 1939 1104 DeuS,
1972 1024 2042 1085 in
2075 1026 2384 1105 quantum
2432 1025 2699 1105 spiritus

339 1127 443 1184 est
487 1139 619 1184 non
665 1123 990 1195 moritur;
1041 1125 1336 1184 mortuus
1367 1125 1465 1184 est
1497 1126 1715 1185 autem
1763 1125 1915 1205 quia
1960 1126 2342 1187 incarnatus
2388 1128 2503 1187 est.
2552 1123 2699 1186 Pri-

338 1242 520 1287 mum
567 1222 825 1306 quidem
871 1242 940 1287 se
1003 1224 1373 1287 exinanivit
1435 1228 1500 1287 et
1561 1223 1795 1289 deinde
1856 1228 2238 1290 incarnatus
2284 1233 2429 1302 est;
2495 1246 2697 1309 quare

338 1330 543 1390 etiam
588 1324 831 1389 Paulus
876 1327 1156 1409 primum
1202 1328 1416 1409 posuit
1464 1328 2002 1410 exinanitionem,
2052 1333 2117 1391 et
2164 1327 2397 1392 deinde
2444 1327 2697 1392 formae

337 1430 523 1492 servi
569 1430 1030 1511 acceptionem,
1081 1427 1148 1491 id
1194 1432 1311 1510 est,
1360 1431 1430 1492 in
1477 1432 1689 1513 specie
1739 1429 2027 1493 humana
2074 1431 2567 1514 apparitionem.

431 1528 662 1594 Nonne
710 1534 808 1593 est
831 1529 1202 1613 prodigium
1234 1529 1402 1613 quod
1431 1529 1565 1613 ille,
1600 1533 1710 1614 qui
1740 1536 1838 1595 est
1869 1531 2139 1595 inPatre
2172 1531 2524 1595 secundum
2564 1531 2698 1616 ple-

337 1631 726 1707 nitudinem,
753 1634 823 1694 in
867 1631 1148 1715 Virgine
1198 1634 1282 1695 sit
1327 1652 1445 1715 per
1475 1635 2015 1716 exinanitionem,
2059 1638 2124 1697 et
2170 1636 2337 1697 sicut
2382 1636 2452 1697 in
2496 1633 2696 1697 Patre

339 1736 718 1798 continetur
763 1735 963 1797 etiam
1024 1735 1094 1796 in
1155 1733 1436 1817 Virgine
1495 1733 1983 1800 concludatur?
2037 1735 2318 1818 Etenim,
2366 1755 2499 1799 non
2545 1736 2699 1799 licet

337 1838 641 1919 cogitare
694 1838 766 1898 in
811 1834 963 1899 ullis
1010 1854 1097 1899 ex
1143 1835 1247 1899 his
1293 1840 1637 1919 creaturiS,
1672 1855 1836 1920 quae
1885 1836 2140 1902 mediae
2195 1840 2371 1902 inter
2428 1837 2695 1902 Patrem

337 1944 407 2002 et
454 1937 800 2020 Virginem
847 1942 1015 2020 sunt,
1049 1940 1119 2001 in
1166 1936 1459 2021 Angelis,
1494 1938 1657 2021 dico,
1686 1944 1799 2003 aut
1844 1941 1915 2003 in
1960 1938 2420 2023 Archangelis,
2470 1945 2583 2004 aut
2627 1942 2697 2001 in

337 2038 746 2123 spiritalibus
777 2039 1199 2121 exercitibus,
1227 2045 1339 2104 aut
1385 2042 1456 2103 in
1486 2042 1869 2123 regionibus
1899 2041 2451 2109 intellectualibus
2482 2045 2597 2105 aut
2626 2042 2697 2103 in

338 2142 602 2204 naturis
626 2140 943 2223 omnibuS,
975 2145 1084 2205 aut
1109 2143 1177 2204 in
1211 2142 1592 2225 corporibus
1619 2142 2002 2225 visibilibuS,
2030 2148 2142 2206 aut
2166 2145 2235 2206 in
2260 2141 2518 2205 mundis
2540 2143 2698 2204 visi-

337 2241 585 2305 bilibus
615 2247 680 2305 et
703 2242 1136 2325 sensibilibus,
1161 2243 1365 2307 Deum
1389 2245 1734 2326 contineri,
1762 2244 1876 2308 sed
1898 2245 2064 2309 haec
2097 2246 2317 2308 omnia
2347 2246 2417 2306 in
2442 2263 2519 2307 eo
2543 2262 2696 2308 con-

337 2346 578 2420 tineri;
611 2344 778 2409 haec
809 2348 985 2409 enim
1015 2347 1085 2408 in
1110 2365 1188 2409 eo
1215 2351 1362 2409 sunt
1394 2351 1459 2410 et
1483 2366 1601 2429 per
1625 2366 1772 2410 eum
1797 2352 2144 2411 moventur
2167 2351 2232 2411 et
2256 2345 2692 2410 stabiliuntur.

339 2446 600 2511 Dicitur
643 2446 1043 2511 solummodo
1091 2449 1162 2509 in
1206 2447 1406 2511 Patre
1456 2453 1521 2512 et
1565 2450 1637 2511 in
1667 2448 1949 2532 Virgine
1996 2448 2329 2524 concludi;
2378 2450 2449 2511 in
2493 2447 2695 2511 Patre

340 2554 613 2633 propter
640 2554 966 2631 naturam,
993 2552 1062 2612 in
1084 2550 1364 2633 Virgine
1390 2555 1656 2634 propter
1679 2552 2199 2615 exinanitionem
2224 2569 2441 2626 suam3
2478 2552 2547 2612 in
2568 2548 2698 2613 Pa-

339 2656 450 2715 tre
483 2654 634 2735 quia
663 2651 864 2716 Pater
895 2656 1105 2735 potest
1138 2671 1285 2715 eum
1317 2654 1676 2735 continere,
1703 2654 1773 2716 in
1795 2653 2077 2737 Virgine
2103 2656 2253 2737 quia
2276 2652 2485 2717 voluit
2509 2652 2593 2715 ab
2616 2672 2696 2716 ea

341 2756 698 2831 contineri;
733 2758 803 2818 in
826 2754 1025 2820 Patre
1057 2760 1326 2839 propter
1355 2756 2119 2839 consubstantialitatem,
2146 2760 2216 2819 in
2232 2757 2513 2839 Virgine
2546 2758 2696 2838 quia

341 2856 430 2922 ad
456 2862 820 2922 extremum
854 2860 1064 2922 omnis
1094 2857 1482 2922 humilitatis
1521 2857 1874 2923 descendit.
1904 2860 1984 2923 Et
2015 2859 2169 2924 licet
2192 2864 2535 2943 utrumque
2561 2879 2697 2923 om-

341 2962 506 3023 nino
538 2958 991 3023 admirandum
1027 2962 1127 3042 sit,
1162 2965 1315 3043 puto
1345 2964 1569 3023 tamen
1610 2967 1862 3024 mentes
1906 2963 2097 3025 vivas
2144 2966 2209 3025 et
2255 2964 2357 3025 rei
2403 2963 2699 3025 conscias

341 3061 430 3126 ad
478 3060 979 3125 admirationem
1027 3064 1241 3146 magis
1287 3064 1542 3127 moveri
1587 3081 1666 3126 eo
1715 3062 1883 3147 quod
1928 3066 1998 3127 in
2028 3063 2309 3149 Virgine
2356 3065 2698 3131 conclusus

347 3167 452 3227 est
481 3160 705 3245 Filius,
740 3183 931 3246 quam
963 3163 1130 3247 quod
1177 3166 1248 3227 in
1294 3166 1598 3247 essentia,
1626 3167 1777 3248 quia
1825 3164 1984 3229 illud
2032 3166 2530 3250 supernaturale
2578 3170 2695 3248 est,

341 3265 472 3329 hoc
533 3283 696 3329 vero
741 3264 1062 3330 naturale.
1111 3263 1270 3337 Quis
1316 3268 1522 3349 igitur
1558 3286 1691 3330 non
1740 3266 2148 3351 obstupescet
2187 3273 2306 3331 -aut
2355 3287 2577 3333 amore
2634 3275 2699 3333 et

341 3366 694 3431 dilectione
742 3387 877 3432 non
907 3368 1289 3452 replebitur,
1323 3371 1379 3431 si
1425 3366 1755 3433 *amorem
1787 3368 1939 3432 Filii
1985 3388 2149 3453 erga
2178 3390 2300 3434 nos
2331 3370 2697 3455 percipiet?
2792 3414 2807 3430 .

342 3470 470 3534 Hic
502 3472 678 3535 enim
709 3490 895 3535 amor
940 3490 1088 3534 eum
1120 3474 1338 3554 coegit
1367 3476 1438 3535 ut
1469 3491 1586 3555 pro
1632 3472 1823 3536 nobis
1854 3476 1919 3536 et
1950 3478 2216 3557 propter
2259 3493 2380 3537 nos
2411 3472 2477 3535 id
2509 3471 2699 3537 fieret

343 3570 517 3656 quod
563 3592 801 3635 sumus·
837 3572 1035 3636 Totus
1081 3578 1226 3636 erat
1273 3573 1342 3635 in
1387 3572 1669 3657 Virgine
1719 3576 1884 3637 sicut
1928 3579 2103 3638 totus
2135 3580 2233 3639 est
2276 3577 2347 3637 in
2377 3574 2597 3657 Patre,
2633 3580 2699 3638 et

343 3674 458 3738 hic
489 3676 654 3738 sicut
699 3672 837 3738 illic
882 3674 1224 3739 conclusus
1270 3679 1384 3738 est.
1435 3674 1511 3738 In
1541 3675 1686 3739 loco
1718 3678 1894 3740 enim
1926 3681 2205 3759 angusto
2237 3682 2303 3740 et
2333 3696 2559 3760 parVO,
2587 3678 2699 3741 ubi

342 3777 782 3859 unusquisque
827 3782 1124 3841 nostrum
1168 3794 1318 3840 cum
1363 3780 1727 3861 concipitur
1750 3798 1869 3861 per
1897 3797 2133 3842 novem
2166 3798 2422 3843 menses
2451 3778 2699 3844 includi

343 3876 532 3960 solet,
564 3876 770 3941 Filius
817 3876 933 3941 Dei
977 3878 1351 3943 voluntarie
1399 3898 1468 3943 se
1517 3880 1851 3944 conclusit.
1900 3879 1985 3944 Et
2030 3883 2181 3963 quia
2226 3879 2439 3945 factus
2486 3887 2583 3945 est
2628 3884 2698 3945 in

341 3984 640 4043 nostram
687 3978 1200 4062 similitudinem,
1248 3980 1358 4056 ibi,
1393 3982 1559 4044 sicut
1590 4001 1729 4064 nos,
1764 3981 2127 4047 habitavit:
2182 4001 2218 4044 ‹
2250 3982 2505 4065 Impleti
2550 3989 2700 4046 sunt

344 4080 489 4145 dies
520 4083 661 4144 eius
689 4086 762 4144 ut
792 4087 1057 4165 pareret
1093 4080 1112 4123 ¹
1149 4103 1208 4145 ».
1245 4080 1370 4146 Sed
1401 4102 1534 4147 non
1565 4086 1877 4167 scriptum
1908 4088 2007 4148 est
2040 4104 2187 4147 eum
2217 4086 2289 4147 in
2319 4086 2699 4148 universum

345 4183 595 4266 orbem,
622 4186 732 4267 qui
762 4203 840 4248 eo
871 4184 1100 4268 plenus
1147 4188 1264 4267 est,
1298 4186 1580 4249 intrasse
1628 4190 1976 4269 antequam
2008 4185 2093 4250 ad
2136 4186 2483 4270 Virginem
2516 4189 2703 4250 veni-

345 4289 453 4349 ret
485 4289 551 4349 et
582 4305 670 4349 ex
701 4303 781 4348 ea
811 4282 1001 4350 fieret
1046 4284 1115 4349 id
1148 4306 1270 4369 quo
1303 4288 1372 4349 in
1406 4292 1749 4351 creaturas
1779 4290 2033 4352 intrare
2082 4292 2313 4372 posset.
2348 4286 2490 4371 Ipse
2523 4290 2701 4352 enim

343 4406 482 4451 non
527 4386 770 4452 dicitur
812 4390 882 4452 in
929 4387 1240 4452 mundum
1304 4391 1677 4472 intravisse,
1728 4392 1878 4473 quia
1924 4393 1993 4454 in
2041 4410 2119 4455 eo
2181 4395 2313 4467 est;
2362 4395 2699 4475 postquam

436 4610 454 4639 ¹
493 4609 652 4673 Luc..
685 4624 748 4674 11,
782 4611 837 4665 6.

2751 737 2807 793 p.
2840 722 2931 777 98.
