3400 5642
1700 497 1815 582 -κι
1871 495 1953 561 12
2003 497 2120 583 ›u-

742 641 1069 727 perfectus
1092 647 1207 705 est.
1238 639 1415 704 Nihil
1438 640 1637 704 habet
1658 639 1828 723 quod
1858 641 1921 704 ei
1943 657 2076 704 non
2098 641 2470 721 conveniat,
2497 641 2647 723 quia
2671 639 2796 702 sibi
2817 659 3100 704 consen-

739 747 909 809 tiens
940 749 1071 818 est;
1121 742 1288 807 nihil
1318 747 1417 806 est
1448 745 1517 806 in
1548 761 1629 806 eo
1660 741 1829 826 quod
1859 761 1992 806 non
2023 741 2152 824 det,
2185 744 2336 826 quia
2369 740 2726 806 ditissimus
2755 747 2886 817 est;
2923 742 3098 806 nihil

739 851 837 910 est
881 849 951 909 in
998 865 1079 910 eo
1126 844 1293 929 quod
1338 863 1472 908 non
1518 843 1772 927 diligat,
1821 846 1972 927 quia
2004 844 2213 908 bonus
2258 848 2375 908 est.
2411 843 2590 907 Nihil
2635 846 2706 906 in
2751 862 2832 908 eo
2863 846 3102 928 incipit

738 948 1033 1032 nihilque
1079 947 1333 1012 desinit.
1374 946 1517 1011 Non
1550 952 1651 1010 est
1680 949 1750 1009 in
1783 965 1864 1010 eo
1896 948 2212 1029 cogitatio
2241 965 2414 1010 nova
2445 965 2570 1010 nec
2599 951 2812 1010 motus
2841 965 3098 1010 recens.

830 1049 1317 1133 Cogitationum
1364 1051 1840 1113 incrementum
1879 1067 2012 1112 non
2043 1051 2296 1132 recipit,
2329 1067 2453 1112 nec
2481 1051 2904 1131 cogitationis
2933 1068 3098 1112 suae

742 1155 1058 1238 pristinae
1106 1151 1535 1216 obliviscitur.
1576 1151 1916 1215 Memoriis
1943 1169 2078 1215 non
2109 1157 2410 1234 augetur,
2445 1170 2568 1215 nec
2597 1150 2928 1216 oblivione
2973 1153 3102 1213 mi-

740 1258 982 1319 nuitur.
1044 1253 1223 1317 Nihil
1276 1256 1541 1317 noviter
1603 1253 1812 1335 discit,
1869 1273 1990 1318 nec
2037 1257 2274 1337 accipit
2319 1255 2662 1317 scientiam
2716 1271 2908 1336 quam
2961 1271 3100 1316 non

739 1358 1035 1422 haberet.
1090 1356 1376 1420 Scientia
1424 1359 1838 1420 extrinsecus
1883 1359 1952 1419 in
1999 1375 2144 1421 eum
2193 1375 2326 1420 non
2373 1359 2597 1438 intrat,
2631 1358 2782 1439 quia
2815 1359 2952 1440 ipse
2995 1361 3102 1420 est

738 1459 885 1524 fons
932 1462 1220 1524 omnium
1278 1461 1722 1522 scientiarum.
1780 1458 1922 1542 Ipse
1977 1463 2076 1522 est
2121 1458 2302 1522 locus
2356 1457 2714 1522 habitaculi
2767 1461 2887 1539 sui,
2942 1461 3098 1542 quia

740 1561 959 1624 nullus
982 1560 1165 1624 locus
1197 1563 1405 1642 potest
1436 1577 1585 1623 eum
1616 1579 1876 1643 capere.
1909 1559 2162 1623 Natura
2193 1562 2336 1623 eius
2371 1564 2472 1623 est
2499 1557 2728 1623 fruitio
2759 1562 2917 1641 eine,
2945 1562 3097 1643 quia

738 1661 909 1726 nihil
955 1667 1247 1726 creatum
1306 1659 1389 1724 ad
1436 1659 1818 1725 fruitionem
1867 1665 2010 1725 eius
2061 1659 2314 1725 sufficit.
2364 1660 2541 1724 Nihil
2589 1664 2657 1724 in
2703 1681 2784 1726 eo
2837 1661 3097 1743 desinit,

742 1768 892 1849 quia
938 1763 1107 1828 nihil
1156 1766 1224 1826 in
1272 1783 1351 1828 eo
1397 1767 1656 1847 incepit.
1709 1764 1880 1828 Ante
1928 1767 2186 1828 initium
2219 1769 2320 1828 est
2349 1769 2591 1827 natura
2623 1766 2783 1845 eius,
2817 1769 2884 1828 et
2919 1763 3097 1827 ultra

740 1865 934 1931 finem
988 1872 1086 1931 est
1132 1869 1273 1930 eius
1320 1869 1622 1930 essentia.
1673 1866 1818 1950 Ipse
1865 1873 1966 1930 est
2007 1870 2118 1930 via
2165 1883 2396 1930 cursus
2440 1869 2542 1930 sui
2587 1872 2652 1930 et
2683 1870 2916 1931 semita
2948 1885 3100 1950 pro-

744 1968 1047 2032 fectionis
1093 1987 1268 2032 suae.
1322 1967 1463 2051 Ipse
1512 1971 1581 2031 in
1629 1989 1699 2032 se
1747 1967 2198 2052 progreditur;
2249 1970 2386 2052 ipse
2432 1970 2504 2031 in
2549 1987 2618 2032 se
2665 1968 2988 2044 ambulat;
3029 1973 3098 2032 et

745 2076 935 2134 extra
984 2073 1269 2153 seipsum
1314 2089 1447 2134 non
1495 2073 1651 2152 exit,
1700 2074 1853 2154 quia
1899 2075 2112 2134 motus
2157 2073 2300 2134 eius
2343 2073 2517 2134 totus
2563 2069 2648 2134 ad
2685 2089 2834 2133 eum
2863 2069 3092 2134 tendit.

742 2173 935 2236 Unus·
953 2177 1069 2254 est,
1098 2174 1247 2254 quia
1278 2171 1569 2255 simplex-
1588 2178 1689 2236 est
1719 2175 1788 2234 in
1821 2171 2120 2237 omnibus
2151 2177 2216 2236 et
2247 2173 2778 2255 compositionem
2811 2174 3098 2255 partium

740 2293 871 2338 non
920 2273 1137 2338 habet.
1187 2273 1332 2336 Non
1380 2279 1528 2337 sunt
1575 2277 1645 2337 in
1691 2280 1933 2337 natura
1981 2276 2122 2337 eius
2159 2274 2472 2354 membra,
2505 2276 2727 2338 necin
2757 2273 3096 2338 voluntate

742 2382 883 2444 eius
928 2385 1167 2463 parteS,
1216 2395 1337 2440 nec
1383 2379 1452 2438 in
1499 2378 1899 2458 cogitatione
1947 2377 2090 2438 eius
2135 2379 2545 2457 mutationeS,
2593 2395 2716 2440 nec
2762 2379 2828 2438 in
2878 2381 3096 2439 mente

744 2484 885 2547 eius
931 2481 1305 2545 divisiones

829 2584 1008 2648 Nihil
1055 2583 1254 2646 habet
1304 2581 1471 2664 quod
1518 2584 1580 2644 ei
1626 2599 1760 2645 non
1798 2584 2167 2663 conveniat,
2202 2584 2352 2664 quia
2383 2581 2549 2644 nihil
2579 2584 2651 2644 ‘in
2683 2601 2762 2646 eo
2793 2587 2892 2645 est
2925 2581 3094 2665 quod

742 2707 827 2752 ex
874 2705 951 2750 eo
998 2704 1129 2749 non
1177 2687 1278 2747 sit.
1330 2682 1657 2746 Creatura
1705 2684 1773 2745 in
1821 2702 1967 2746 eum
2016 2701 2147 2747 non
2193 2685 2417 2764 intrat,
2452 2701 2574 2747 nec
2605 2687 2912 2747 creatura
2946 2701 3094 2746 eum

744 2793 1040 2872 recipere
1090 2790 1317 2870 potest.
1367 2785 1619 2848 Natura
1668 2785 1885 2849 aliena
1933 2788 2196 2848 in·eum
2243 2804 2375 2850 non
2421 2789 2645 2868 intrat,
2693 2805 2816 2850 nec
2854 2791 3094 2849 natura

744 2892 960 2957 aliena
1018 2909 1167 2954 eum
1221 2890 1516 2970 recipere
1571 2887 1767 2951 valet.
1826 2886 2087 2950 Nullum
2141 2893 2349 2970 potest
2405 2890 2538 2972 pati
2595 2891 3090 2969 incrementum,

675 3042 686 3053 .
742 2993 990 3057 nullum
1019 2991 1499 3055 detrimentum.
1530 2987 1902 3072 Completus
1927 2995 2024 3052 est
2047 2987 2150 3053 *et
2180 2991 2654 3053 incrementum
2679 3008 2812 3054 non
2837 2991 3090 3073 accipit;

744 3093 1069 3179 perfectus
1116 3097 1232 3173 est,
1280 3111 1403 3154 nec
1447 3096 1518 3153 ut
1566 3089 1948 3174 perficiatur
1991 3089 2262 3174 indiget.
2317 3091 2455 3154 Una
2503 3097 2600 3154 est
2645 3097 2884 3154 natura
2931 3095 3091 3172 eiua,

744 3215 1000 3280 unaque
1048 3195 1351 3258 voluntas
1398 3195 1554 3256 eius,
1592 3191 2148 3264 Quemadmodum
2178 3199 2418 3258 natura
2451 3196 2592 3257 eius
2621 3197 2815 3257 unica
2849 3200 2968 3276 est,
3001 3197 3094 3258 ita

746 3305 811 3363 et
856 3300 1051 3360 unica
1097 3295 1401 3359 voluntas
1454 3297 1610 3358 eius.
1674 3295 1971 3358 Essentia
2018 3297 2160 3358 eius
2209 3313 2343 3358 non
2397 3295 2596 3359 habet
2639 3298 2917 3378 initium,
2973 3315 3096 3359 nec

746 3399 1198 3482 intellegentia
1224 3401 1381 3461 eius.
1410 3397 1468 3459 A
1500 3404 1789 3480 tempore
1814 3417 1940 3480 quo
1971 3399 2228 3460 exsistit
2258 3403 2498 3461 natura
2529 3400 2688 3480 eine,
2715 3397 2866 3462 inde
2899 3401 3096 3462 etiam

748 3504 1004 3566 exsistit
1028 3500 1331 3564 voluntas
1355 3502 1512 3562 eius,
1542 3499 1794 3562 Natura
1826 3502 1966 3562 eius
1989 3499 2313 3562 voluntati
2345 3501 2486 3562 eius
2510 3504 2724 3562 aetate
2750 3519 2882 3563 non
2906 3519 3095 3583 prae-

747 3609 894 3684 stat,
944 3623 1065 3668 nec
1112 3604 1396 3666 essentia
1428 3604 1569 3665 eius
1599 3601 2092 3684 intellegentiae
2125 3604 2282 3664 eius.
2321 3601 2660 3684 Nunquam
2699 3604 2952 3665 exstitit
2980 3621 3098 3664 na-

746 3717 896 3775 tura
945 3713 1085 3774 eius
1117 3712 1270 3792 quin
1302 3727 1447 3773 cum
1480 3728 1560 3772 ea
1592 3711 1942 3772 exsisteret
1989 3711 2185 3771 etiam
2217 3707 2522 3770 voluntas
2552 3711 2724 3784 eius3
2767 3727 3096 3792 nunquam

748 3812 1051 3877 voluntas
1098 3815 1239 3876 eius
1285 3831 1323 3874 a
1371 3817 1610 3874 natura
1660 3814 1802 3874 eius
1847 3815 2151 3893 separata
2185 3815 2300 3891 est,
2336 3813 2504 3874 sicut
2531 3830 2656 3874 nec
2685 3816 2925 3874 natura
2957 3814 3098 3874 eius

749 3915 833 3980 ab
880 3917 1164 3979 essentia
1212 3917 1369 3977 eius.
1421 3913 1678 3977 Etenim
1724 3911 1906 3975 nulla
1953 3928 2219 3995 prorsus
2265 3910 2500 3975 divisio
2547 3915 2615 3974 in
2663 3932 2741 3976 eo
2788 3918 2903 3994 est,
2947 3915 3095 3996 quia

750 4038 974 4082 omnes
1022 4018 1377 4081 divisiones
1422 4021 1614 4080 extra
1662 4035 1810 4079 eum
1859 4018 2026 4078 sunt.

838 4121 1221 4184 Nominibus
1266 4119 1547 4182 diversis
1594 4117 1955 4201 appellatus
2002 4122 2117 4196 est,
2151 4116 2304 4181 licet
2335 4115 2504 4200 apud
2537 4137 2604 4182 se
2637 4137 2806 4181 unus
2835 4121 2920 4182 sit
2951 4119 3098 4182 abs·—

751 4243 871 4308 que
918 4225 1198 4286 nomine.
1247 4220 1431 4293 Quod
1463 4223 1520 4284 si
1551 4223 1816 4284 nomina
1849 4219 2066 4301 habet,
2101 4239 2186 4282 ex
2220 4219 2524 4302 operibus
2556 4223 2692 4283 suis
2721 4239 2802 4283 ea
2826 4223 3095 4304 accepit,

749 4345 902 4390 nam
951 4328 1019 4388 in
1064 4326 1348 4388 essentia
1396 4341 1514 4386 sua
1560 4341 1730 4385 unus
1775 4328 1891 4403 est,
1942 4324 2092 4404 quia
2139 4323 2410 4386 mutatio
2442 4324 2511 4384 in
2543 4341 2622 4386 eo
2652 4341 2784 4386 non
2815 4328 2932 4386 est.
2969 4323 3098 4405 Ap-

752 4427 1028 4511 pellatus
1074 4431 1172 4490 est
1218 4429 1441 4507 iustae,
1493 4429 1728 4504 rectuS,
1778 4422 2041 4504 vindex,
2077 4442 2218 4504 reX,
2253 4422 2471 4505 iudex,
2507 4422 2823 4507 dominus,
2865 4423 3097 4506 factor,

752 4535 1031 4611 creator,
1083 4529 1385 4612 provisor
1438 4527 1746 4606 omnium,
1805 4527 2200 4606 misericors,
2249 4527 2484 4606 suavia,
2539 4524 2766 4607 bonuS,
2815 4532 2880 4590 et
2928 4526 3099 4590 aliae

3171 1577 3221 1619 10

3161 2089 3218 2131 15

3152 3108 3212 3150 23

3155 4129 3217 4173 35
