3400 5642
1246 565 1359 634 -εηΚ
1412 550 1538 613 109
1586 556 1695 633 >2—

302 691 415 757 sed
460 695 711 768 carnis;
762 695 911 776 quia
957 697 1137 776 patet
1182 691 1349 776 quod
1393 691 1687 756 Verbum
1734 695 1915 776 prius
1960 689 2411 756 ¹“incarnatum
2452 697 2550 756 est
2582 696 2647 754 et
2700 711 2756 767 p.
2792 695 2914 763 144,

301 793 531 858 deinde
577 793 1093 876 inhumanatum,
1142 799 1207 858 et
1252 812 1487 878 corpus
1531 799 1846 876 nostrum,
1893 813 2028 860 non
2075 799 2292 858 autem
2333 792 2528 858 homo
2561 813 2646 858 ex

298 896 504 978 nobiS,
552 895 791 960 dicitur
836 895 920 960 ad
964 895 1125 959 illud
1156 898 1505 980 pertinere.
1558 896 1639 960 Et
1687 898 1838 979 quia
1869 895 1981 959 ille
2037 899 2144 979 qui
2183 894 2650 960 inhumanatus

300 997 539 1062 dicitur
581 997 1005 1062 immutabilis
1050 1003 1148 1062 est
1194 996 1547 1062 secundum
1591 1002 1918 1080 naturam,
1967 997 2289 1062 confessio
2344 1001 2649 1062 immuta-

222 1113 249 1157 5
299 1100 571 1164 bilitatis
596 1105 773 1164 recte
806 1103 868 1164 ei
898 1105 1205 1164 servatur
1234 1102 1434 1164 etiam
1466 1099 1675 1182 quoad
1707 1098 2331 1164 inhumanationem.
2365 1099 2646 1182 Etenim,

302 1221 417 1287 per
444 1202 653 1266 verba
688 1222 725 1266 «
756 1199 903 1266 fieri
934 1223 971 1266 »
1008 1207 1073 1266 et
1106 1222 1143 1266 «
1174 1201 1629 1266 inhumanatio
1664 1223 1723 1284 ›,
1759 1221 1922 1285 quae
1955 1200 2290 1285 Scriptura
2321 1208 2388 1266 et
2415 1203 2651 1266 Patres

300 1309 719 1388 usurparunt,
768 1302 894 1368 duo
942 1303 1132 1368 simul
1172 1300 1661 1386 significantur:
1696 1305 2050 1387 assumptio
2082 1308 2147 1367 et
2179 1307 2365 1379 unio;
2401 1323 2653 1368 assum-

302 1409 433 1490 ptio
480 1425 599 1490 per
641 1405 1265 1487 inhumanationem,
1292 1411 1359 1469 et
1400 1408 1557 1470 unio
1602 1425 1722 1489 per
1770 1425 1806 1468 ⁴<
1839 1401 1986 1469 fieri
2020 1426 2078 1468 ».
2128 1404 2313 1477 Quod
2345 1408 2520 1470 enim
2550 1408 2651 1468 in-

301 1507 649 1572 troducunt
696 1506 847 1571 dum
893 1525 1011 1590 pro
1056 1506 1171 1571 illo
1224 1531 1259 1565 ‹
1292 1507 1461 1570 Deus
1491 1507 1686 1572 homo
1716 1505 1929 1571 factus
1958 1512 2056 1571 est
2089 1529 2126 1570 »
2161 1507 2429 1571 tradunt
2463 1527 2499 1570 ⁴<
2532 1507 2651 1571 ho-

202 1624 250 1669 ιο
300 1612 542 1673 minem
588 1611 935 1692 assumpsit
967 1630 1026 1691 »,
1074 1613 1299 1692 aperte
1342 1605 1671 1691 significat
1715 1628 1849 1673 non
1895 1607 2136 1673 factam
2169 1629 2310 1672 esse
2343 1612 2650 1673 unionem

300 1731 421 1776 nec
468 1710 668 1775 fuisse
721 1711 1348 1792 inhumanationem,
1381 1715 1505 1774 nec
1536 1709 2085 1794 dispensationem
2133 1714 2202 1775 in
2256 1731 2456 1776 carne
2517 1711 2650 1776 ullo

300 1813 507 1879 modo,
524 1813 959 1898 adimpletam.
992 1813 1273 1896 Etenim,
1306 1813 1461 1878 licet
1488 1833 1728 1878 nomen
1759 1812 2262 1898 dispensationis
2286 1813 2457 1897 apud
2487 1814 2654 1878 alios

302 1919 601 1999 agnitum
646 1918 749 1998 sit,
796 1917 963 1980 sicut
1008 1935 1127 2000 per
1170 1914 1508 1979 Abraham
1556 1920 1622 1979 et
1651 1915 1927 1999 Moysen
1956 1917 2198 1999 incepit
2227 1921 2364 1980 tota
2397 1915 2656 2000 dispen-

302 2020 471 2082 satio
517 2016 869 2082 secundum
915 2016 1149 2100 legem,
1197 2017 1313 2081 illa
1364 2021 1605 2098 tamen,
1661 2036 1826 2100 quae
1879 2015 2274 2100 dispensatio
2327 2019 2399 2080 in
2451 2036 2652 2082 carne

202 2135 250 2180 15
302 2124 663 2204 reputatur,
726 2119 835 2183 hic
895 2125 1147 2184 tantum
1207 2119 1333 2183 hac
1385 2122 1455 2183 in
1509 2139 1583 2183 re
1644 2122 1874 2202 agnita
1921 2124 2037 2201 est,
2087 2122 2237 2201 quia
2299 2120 2469 2183 Deus
2513 2122 2651 2202 ipse

300 2221 739 2306 personaliter
788 2223 1171 2285 incarnatus
1224 2226 1322 2284 est
1384 2227 1449 2285 et
1508 2221 1994 2303 inhumanatuS,
2059 2225 2123 2285 et
2175 2241 2255 2285 ea
2310 2240 2474 2304 quae
2535 2240 2654 2304 per

300 2322 468 2387 alios
514 2320 685 2387 effici
735 2341 869 2387 non
929 2328 1250 2406 poterant,
1296 2324 1433 2407 ipse
1494 2321 1970 2406 dispensatorio
2023 2322 2212 2387 modo
2265 2325 2335 2386 in
2389 2343 2458 2386 se
2513 2325 2653 2406 ipso

302 2422 715 2508 adimplevit:
768 2423 1017 2488 scilicet
1060 2423 1565 2488 destructionem
1611 2426 1862 2507 peccati
1893 2429 1958 2487 et
1989 2427 2278 2489 omnium
2309 2443 2474 2507 quae
2506 2443 2652 2508 pec-

306 2531 527 2591 catum
550 2525 882 2609 intulerat,
902 2531 966 2590 et
990 2526 1501 2590 stabilimentum
1524 2529 1812 2590 iustitiae
1837 2531 1902 2590 et
1927 2546 2152 2591 eorum
2177 2545 2341 2609 quae
2367 2547 2486 2611 per
2507 2545 2653 2590 eam

199 2645 251 2692 πο
301 2629 623 2711 omnibuS,
672 2631 781 2712 qui
824 2629 979 2693 huic
1016 2627 1484 2712 dispensationi
1515 2632 1693 2693 recte
1728 2628 2022 2710 credunt,
2058 2632 2266 2712 gratis
2298 2629 2452 2693 data
2483 2632 2652 2692 sunt.

389 2732 563 2797 Unio
606 2734 813 2815 igitur
856 2731 1063 2796 Verbi
1110 2751 1255 2796 cum
1287 2732 1692 2796 humanitate
1727 2735 2020 2814 sequenti
2051 2731 2240 2796 modo
2273 2729 2504 2796 effecta
2535 2737 2650 2795 est.

301 2832 859 2906 Quemadmodum
904 2833 1099 2898 homo
1146 2837 1353 2915 vetuS,
1402 2852 1547 2896 cum
1594 2835 1665 2896 in
1694 2832 2086 2916 baptismum
2117 2833 2468 2915 descendit,
2501 2833 2654 2897 inde

302 2935 511 3000 alium
557 2935 889 3000 hominem
934 2953 1067 2999 non
1113 2938 1401 3017 assumit,
1452 2934 1565 2999 sed
1610 2938 1748 3018 ipse
1779 2955 1987 2999 novus
2017 2932 2090 2999 fit
2120 2936 2314 3000 homo
2346 2935 2655 3019 Spiritum

302 3043 604 3102 sanctum
650 3036 1049 3121 accipiendo,
1098 3042 1181 3118 et,
1230 3056 1377 3100 cum
1424 3036 1549 3101 hoc
1594 3035 1786 3100 modo
1831 3042 2094 3101 creatus
2139 3036 2352 3102 denuo
2399 3057 2487 3101 ex
2515 3041 2655 3122 ipso

198 3163 250 3208 25
301 3140 628 3224 baptismo
674 3141 986 3221 nascitur,
1035 3158 1203 3203 unus
1248 3144 1313 3202 et
1358 3138 1529 3203 idem
1584 3143 1685 3202 est
1735 3139 2098 3223 corporalis
2143 3141 2250 3222 qui
2303 3138 2515 3203 factus
2559 3145 2659 3202 est

303 3240 643 3326 spiritaliS,
689 3259 823 3305 non
868 3243 1018 3323 quia
1066 3243 1447 3324 agnoscitur
1478 3239 1605 3305 duo
1636 3260 1800 3322 esse,
1834 3241 2148 3324 spiritalis
2177 3246 2243 3305 et
2274 3240 2654 3325 corporaliS,

302 3344 477 3409 liber
524 3349 589 3408 et
636 3363 885 3426 servus,
932 3343 1047 3408 sed
1093 3346 1243 3427 quia
1290 3363 1458 3407 unus
1504 3349 1601 3407 est
1648 3342 2002 3407 secundum
2047 3362 2395 3428 personam
2427 3348 2492 3406 et
2535 3363 2656 3406 nu·

302 3466 561 3512 merum
594 3465 812 3521 suum3
846 3449 940 3510 ita
972 3451 1037 3510 et
1068 3446 1239 3510 Deus
1268 3445 1581 3527 Verbum,
1616 3448 1726 3529 qui
1756 3448 1967 3509 virtus
1997 3446 2316 3510 Altissimi
2349 3451 2415 3508 et
2444 3443 2658 3510 forma

301 3549 529 3613 Patris
552 3547 861 3630 creditur,
893 3545 1077 3612 *cum
1116 3550 1188 3611 in
1218 3547 1710 3611 similitudinem
1738 3553 2031 3612 nostram
2063 3550 2263 3629 venit,
2297 3550 2464 3611 sicut
2495 3551 2657 3611 scri·
2711 3571 2768 3626 p.
2803 3555 2922 3610 145.

196 3673 251 3720 so
303 3657 488 3735 ptum
534 3654 663 3715 est:
718 3670 754 3713 ⁴<
786 3650 1015 3714 Virtus
1058 3649 1379 3714 Altissimi
1426 3649 1838 3713 obumbrabit
1867 3649 1988 3713 tibi
2021 3671 2079 3732 »,
2113 3653 2182 3713 in
2212 3650 2492 3733 Virgine
2525 3669 2659 3713 non

302 3752 621 3818 formavit
667 3752 867 3816 alium
914 3751 1244 3816 hominem
1292 3756 1483 3816 extra
1530 3771 1601 3815 se
1648 3755 1964 3835 agnitum,
1991 3773 2178 3835 quem
2227 3771 2344 3836 per
2396 3752 2658 3816 electio-

302 3875 458 3919 nem
506 3859 903 3938 assumptum
948 3853 1075 3917 sibi
1122 3855 1357 3935 uniret,
1408 3856 1558 3936 quia
1602 3853 1808 3916 Filius
1853 3854 1970 3917 Dei
2016 3873 2146 3918 non
2181 3853 2420 3918 dicitur
2450 3855 2661 3919 homi-

300 3975 459 4021 nem
508 3958 949 4039 assumpsisse,
1006 3954 1119 4019 sed
1172 3957 1308 4038 ipse
1365 3954 1655 4018 creditur
1709 3955 1904 4019 homo
1957 3954 2168 4020 factus
2221 3975 2363 4020 esse
2419 3956 2658 4039 absque

305 4061 667 4122 mutatione
738 4062 803 4122 et
862 4059 1199 4138 mansisse,
1264 4059 1463 4120 etiam
1524 4062 1860 4140 postquam
1919 4056 2130 4122 factus
2199 4064 2315 4140 est,
2379 4057 2447 4121 id
2493 4057 2660 4141 quod

194 4185 251 4231 35
305 4165 455 4225 erat
486 4158 840 4224 secundum
870 4165 1197 4242 naturam,
1231 4158 1299 4222 id
1330 4164 1446 4241 est,
1479 4158 1682 4222 Filius
1717 4159 1852 4242 Dei,
1887 4159 2422 4242 quemadmodum
2460 4163 2660 4224 etiam
2737 4229 2742 4235 ,

303 4263 505 4327 homo
551 4261 875 4326 naturalis
918 4265 991 4326 in
1034 4266 1224 4326 utero
1271 4262 1577 4345 baptismi
1612 4259 1685 4324 fit
1719 4259 1889 4325 filius
1919 4279 2038 4345 per
2067 4266 2562 4327 renovationem
2596 4268 2661 4326 et

305 4364 507 4430 homo
559 4370 780 4429 manet
833 4363 1185 4429 secundum
1239 4369 1578 4439 naturam3
1634 4383 1790 4428 nam
1842 4383 1976 4428 non
2021 4383 2100 4428 eo
2147 4364 2316 4447 quod
2370 4369 2662 4429 mutatur

306 4487 395 4532 ex
443 4487 523 4532 eo
570 4465 739 4550 quod
783 4471 927 4531 erat
972 4469 1391 4531 existimatur
1434 4465 1629 4530 homo
1676 4465 1890 4530 factus
1923 4485 2085 4547 esse,
2119 4466 2231 4530 sed
2263 4487 2383 4551 per
2412 4486 2658 4530 assum-

306 4572 598 4654 ptionem
646 4571 865 4633 carnis
910 4589 999 4633 ex
1042 4588 1141 4651 ea,
1191 4588 1353 4652 quae
1408 4571 1677 4652 peperit,
1732 4568 2012 4652 Virgine
2067 4568 2315 4634 scilicet
2369 4570 2660 4652 coniugii
