3400 5642
1289 533 1400 614 -κί
1448 529 1537 594 59
1583 533 1695 615 »t—

320 673 639 757 quomodo
684 680 903 740 autem
947 674 1195 741 factum
1242 678 1347 758 sit,
1394 695 1519 740 non
1566 676 1888 759 exposuit.
1939 671 2055 739 Dic
2101 693 2264 758 ergo
2295 679 2362 738 et
2407 680 2477 739 tu
2523 692 2670 738 cum

320 775 431 842 illo
480 781 547 840 et
594 795 875 861 agnosce
924 781 1091 843 sicut
1136 776 1247 842 ille
1294 778 1605 859 Verbum,
1631 777 1800 862 quod
1831 777 2210 858 exsistebat,
2257 775 2502 841 factum
2525 795 2668 840 esse

318 897 585 942 carnem
628 876 836 963 *quod
884 899 1010 944 non
1056 885 1221 944 erat.
1272 877 1457 944 Adde
1502 882 1704 944 etiam
1748 878 2061 963 Verbum,
2110 899 2258 943 cum
2303 877 2548 943 factum
2572 881 2672 942 est
2723 897 2777 954 p.
2808 885 2904 940 72.

319 1000 495 1063 carc,
546 981 630 1046 ab
676 985 955 1046 essentia
1002 1001 1121 1046 sua
1166 1001 1290 1047 non
1340 985 1659 1046 mutatum
1707 1001 1872 1046 esse.
1913 979 2098 1053 Quod
2145 984 2202 1044 si
2247 1001 2356 1044 res
2401 980 2518 1044 illa
2545 978 2672 1044 dif-

238 1095 266 1145 5
316 1080 509 1147 ficilis
570 1085 1001 1165 existimetur,
1066 1082 1253 1148 nobis
1312 1082 1681 1148 mirandum
1744 1102 1868 1148 non
1923 1087 2040 1163 est,
2107 1085 2256 1164 quia
2319 1081 2403 1146 ad
2465 1081 2668 1145 Deum

312 1186 618 1268 pertinet,
666 1189 887 1268 estque
934 1187 1321 1270 mysterium
1370 1182 1818 1249 absconditum
1863 1191 1930 1250 et
1974 1182 2663 1268 incomprehensibile;

310 1289 633 1370 mysterio
681 1291 899 1351 autem
945 1288 1247 1370 congruit
1292 1289 1365 1350 ut
1410 1289 1497 1351 sit
1555 1284 2036 1370 inexplicabile.
2092 1284 2242 1350 Noli
2292 1287 2528 1348 timere
2581 1303 2664 1348 ne

310 1385 611 1452 indoctus
654 1387 987 1470 habeariS,
1034 1390 1092 1452 si
1136 1393 1364 1452 teneas
1408 1390 1796 1472 mysterium
1841 1390 1909 1451 in
1957 1387 2216 1452 silentio
2245 1407 2394 1452 cum
2447 1386 2666 1450 Evan-

312 1487 585 1572 gelista;
634 1489 745 1554 ille
792 1489 1069 1574 quidem,
1104 1509 1252 1554 cum
1298 1491 1363 1555 ei
1410 1490 1776 1554 revelatum
1807 1495 1924 1571 est,
1960 1493 2026 1555 et
2069 1509 2218 1554 cum
2264 1488 2343 1553 de
2391 1493 2665 1553 aeterna

208 1609 257 1654 ιο
308 1590 465 1655 Filii
518 1593 863 1656 nativitate
925 1594 1205 1676 scripsit,
1251 1590 1421 1656 dixit
1452 1590 1513 1656 ¹:
1582 1612 1620 1655 ‹
1652 1591 1723 1654 In
1771 1593 2088 1676 principio
2149 1596 2296 1655 erat
2349 1590 2662 1672 Verbum,

308 1699 374 1756 et
418 1693 715 1757 Verbum
761 1698 907 1758 erat
952 1693 1124 1777 apud
1176 1694 1399 1776 Deum,
1446 1699 1513 1758 et
1560 1694 1732 1758 Deus
1777 1699 1924 1758 erat
1968 1693 2295 1769 Verbum;
2344 1692 2471 1757 hoc
2517 1699 2664 1758 erat

307 1797 373 1858 in
406 1797 725 1879 principio
748 1795 918 1879 apud
942 1796 1146 1860 Deum
1170 1815 1244 1872 »ς
1280 1801 1345 1860 et
1376 1795 1657 1860 ostendit
1678 1801 1931 1861 tantum
1963 1794 2122 1860 illud
2155 1815 2296 1860 esse
2328 1815 2416 1859 ex
2438 1795 2661 1876 Patre,

306 1899 478 1961 sicut
522 1897 797 1961 verbum
842 1916 928 1962 ex
976 1899 1215 1980 anima,
1249 1917 1395 1963 cum
1441 1899 1706 1962 vocavit
1752 1896 1914 1961 illud
1959 1897 2250 1963 Verbum
2282 1900 2458 1974 eius;
2507 1915 2662 1961 nam

304 2003 445 2084 ipse
508 1999 833 2064 revelavit
878 1999 1048 2084 quod
1108 2004 1308 2066 etiam
1369 2001 1573 2066 Pater
1616 2004 1756 2065 est:
1829 1999 2148 2084 quomodo
2209 2019 2370 2065 vero
2433 2020 2520 2064 ex
2581 2018 2661 2065 eo

202 2117 253 2162 15
304 2107 371 2166 et
418 2101 591 2187 apud
637 2121 786 2167 eum
844 2105 947 2186 sit,
996 2108 1061 2168 et
1106 2101 1397 2168 Verbum
1458 2106 1599 2168 eius
1660 2107 1728 2168 et
1786 2103 1992 2168 Filius
2047 2106 2186 2168 eius
2239 2103 2661 2168 consubstan-

302 2203 485 2268 tialis
553 2207 656 2286 sit,
726 2224 852 2270 non
924 2207 1271 2290 exposuit;
1335 2204 1617 2272 fortasse
1684 2209 1837 2289 quia
1906 2205 2068 2270 illud
2134 2205 2484 2270 nesciebat.
2559 2204 2658 2268 Ita

302 2309 526 2388 etiam,
575 2326 721 2371 cum
767 2307 975 2372 voluit
1020 2307 1384 2374 doctrinam
1431 2307 1511 2372 de
1558 2307 2036 2392 dispensatione
2083 2310 2150 2370 in
2197 2327 2396 2372 carne
2434 2306 2660 2371 verbis

304 2405 596 2491 tradere,
643 2408 811 2474 dixit
856 2414 1143 2474 tantum:
1197 2431 1233 2474 ‹
1265 2409 1558 2476 Verbum
1604 2429 1764 2476 caro
1808 2409 2052 2475 factum
2101 2415 2200 2474 est
2231 2415 2296 2474 et
2326 2409 2656 2474 habitavit

294 2499 369 2575 'in
420 2512 607 2577 nobis
630 2531 705 2588 ›;
754 2513 1071 2595 quomodo
1116 2533 1279 2579 vero
1327 2511 1488 2578 illud
1533 2515 1831 2577 evenerit
1877 2533 2004 2578 non
2051 2511 2351 2595 ostendit,
2409 2517 2474 2576 et
2505 2531 2656 2596 pro·

198 2630 251 2678 ao
301 2613 617 2678 habiliter
662 2615 811 2698 quia
858 2617 993 2678 vim
1038 2617 1339 2699 mysterii
1398 2634 1523 2680 non
1574 2614 2016 2698 intellegebat.
2065 2614 2244 2680 Haec
2307 2617 2480 2678 enim
2527 2634 2652 2678 non

300 2720 562 2799 poterat
619 2714 1029 2800 intellegere,
1078 2719 1229 2800 quia
1289 2716 1643 2802 discipulus
1705 2722 1850 2782 erat
1911 2716 2192 2802 Spiritus
2253 2737 2375 2782 non
2431 2721 2652 2781 autem

300 2820 605 2900 cognitor
649 2817 1115 2902 profundorum
1162 2819 1300 2884 Dei.
1349 2817 1534 2891 Quod
1559 2821 1616 2883 si
1647 2818 2076 2884 intellexisset
2107 2839 2230 2884 non
2264 2823 2650 2899 recusasset,

306 2925 379 2982 ut
426 2924 601 3004 put0,
649 2920 718 2985 id
774 2919 943 3004 quod
1002 2923 1201 2986 sciret
1262 2921 1547 3004 tradere,
1611 2919 2148 3005 quemadmodum
2211 2940 2328 2986 nos
2375 2939 2501 2985 non
2547 2939 2654 2985 ce-

300 3021 468 3086 lavit
525 3023 825 3088 Verbum
870 3025 1191 3088 exsistere
1238 3029 1307 3088 et
1336 3021 1580 3088 factum
1612 3042 1774 3088 esse.
1803 3022 1971 3088 Ecce
1999 3026 2190 3106 enim,
2225 3022 2495 3087 evidens
2533 3028 2651 3105 est,

197 3139 249 3184 25
299 3143 417 3188 nos
448 3127 751 3188 neutrum
780 3126 1283 3190 invenissemus:
1310 3144 1431 3190 nec
1461 3125 1755 3190 Verbum
1785 3143 1949 3208 esse,
1978 3145 2094 3190 nec
2118 3144 2382 3190 carnem
2406 3123 2652 3190 factum

297 3245 459 3290 esse.
510 3224 653 3310 Ipse
700 3226 1125 3310 Evangelista
1186 3226 1266 3292 de
1328 3226 1579 3292 duabus
1641 3228 2095 3292 nativitatibus
2149 3247 2264 3292 nos
2325 3227 2648 3292 erudivit:

297 3346 429 3392 una
474 3346 564 3392 ex
609 3328 827 3410 Patre,
876 3333 943 3392 et
988 3329 1201 3394 altera
1248 3348 1335 3394 ex
1380 3328 1613 3394 Matre.
1662 3329 1756 3394 De
1803 3328 1920 3392 illa
1969 3348 2131 3412 quae
2165 3347 2250 3392 ex
2297 3329 2496 3392 Patre
2529 3333 2648 3410 est,

296 3428 465 3494 dixit
512 3449 663 3494 eum
706 3426 785 3494 *a
830 3431 1029 3495 Patre
1079 3434 1388 3514 genitum,
1416 3431 1531 3496 sed
1582 3451 1707 3496 non
1741 3429 2018 3496 ostendit
2043 3429 2360 3515 quomodo
2393 3431 2650 3513 genitus
2703 3456 2758 3514 p.
2791 3441 2884 3497 73.

294 3530 410 3603 sit;
462 3527 545 3592 de
592 3527 719 3592 hac
768 3547 927 3592 vero
973 3531 1231 3612 scripsit
1277 3549 1429 3594 eum
1473 3527 1718 3594 factum
1766 3548 1907 3592 esse
1956 3547 2222 3593 carnem
2269 3547 2354 3592 ex
2410 3526 2645 3608 Matre,

193 3649 245 3695 ao
294 3629 409 3694 sed
452 3649 585 3694 non
631 3633 935 3713 exposuit
978 3631 1295 3714 quomodo
1357 3630 1571 3696 factus
1616 3634 1720 3713 sit,
1770 3634 1920 3715 quia
1979 3650 2087 3696 res
2131 3635 2387 3694 tantum
2433 3631 2496 3693 ei
2543 3648 2648 3693 re-

293 3732 557 3796 velatae
602 3738 769 3814 sunt,
808 3752 931 3796 non
957 3739 1175 3798 autem
1208 3739 1463 3799 secreta
1488 3753 1720 3798 earum
1745 3737 2188 3814 exsistentiae,
2216 3752 2334 3798 nec
2359 3734 2648 3816 cognitio

294 3835 625 3899 rationum
671 3853 921 3898 earum.
952 3834 1137 3906 Quod
1184 3836 1586 3900 revelaverit
1629 3835 1793 3900 illud
1839 3835 2007 3919 quod
2054 3835 2302 3899 sciebat
2333 3837 2494 3898 satis
2526 3839 2644 3917 est,

292 3942 363 3999 ut
411 3939 662 4020 opinor,
712 3936 795 4001 ad
842 3936 1413 4002 demonstrandum
1460 3936 1628 4020 quod
1658 3936 1820 4001 illud
1853 3937 2152 4020 alterum,
2201 3939 2260 4002 si
2305 3939 2650 4020 cognovis-

293 4043 411 4122 set,
457 4059 579 4104 nos
625 4038 967 4104 docuisset

191 4160 243 4206 35
382 4141 715 4206 Descende
762 4160 925 4225 ergo
970 4146 1037 4206 et
1083 4147 1172 4225 tu,
1222 4163 1261 4207 o
1305 4141 1521 4223 hom0,
1570 4141 1649 4206 de
1696 4141 2042 4207 altitudine
2073 4143 2400 4226 opinionis
2436 4141 2644 4206 falsae

291 4245 607 4308 scientiae
656 4263 781 4327 quo
824 4248 891 4308 te
938 4244 1171 4308 extulit
1217 4263 1393 4308 vana
1438 4247 1772 4328 cogitati0,
1807 4248 1873 4308 et
1903 4242 2215 4309 confitere
2249 4263 2394 4308 cum
2425 4244 2646 4308 Evan-

293 4345 531 4430 gelista
584 4347 890 4412 Verbum
950 4345 1195 4411 factum
1257 4365 1433 4422 esse;
1498 4346 1760 4412 modum
1821 4352 2040 4411 autem
2101 4367 2227 4430 quo
2280 4345 2492 4410 factus
2537 4349 2642 4428 sit,

378 4571 401 4602 ¹
428 4570 657 4638 Ionam,
695 4583 733 4635 1,
776 4571 885 4625 1-2.
