3400 5642
446 2333 503 2388 p.
541 2316 661 2372 123.

1680 527 2083 614 4*.94)>³··

719 670 1068 756 perficitur.
1118 671 1457 738 Elementa
1504 675 1679 738 enim
1727 675 2098 738 communia
2143 675 2332 757 panis
2361 679 2428 737 et
2461 675 2597 738 vini
2628 692 2824 757 super
2855 672 3066 736 altare

717 779 1013 838 sanctum
1066 773 1146 838 de
1200 793 1383 840 more
1436 779 1796 860 ponuntur;
1853 775 1968 840 sed
2021 773 2318 860 Spiritus,
2374 795 2520 840 cum
2572 794 2768 858 super
2819 794 2900 838 ea
2953 773 3066 838 de·-

714 875 987 959 scendit,
1034 875 1571 961 quemadmodum
1618 880 1818 942 etiam
1869 877 2027 942 illuc
2079 877 2166 942 ad
2219 878 2566 962 Virginem
2617 880 2820 959 venit,
2875 876 3068 940 ambo

718 977 876 1042 facit
920 997 1155 1063 corpus
1202 983 1268 1044 et
1314 982 1706 1062 sanguinem
1749 979 1928 1044 illius
1973 983 2081 1064 qui
2127 980 2591 1044 inhumanatus
2636 984 2768 1055 est;
2803 984 2869 1043 et
2916 977 3068 1042 dum

717 1081 811 1144 ibi
855 1079 1133 1165 Spiritus
1178 1082 1469 1146 Verbum
1500 1101 1776 1167 corpore
1807 1083 2018 1148 induit
2055 1089 2121 1148 et
2167 1101 2402 1168 corpus
2447 1081 2912 1163 manifestavit,
2957 1080 3069 1144 hic
3153 1097 3182 1140 5

718 1201 951 1266 panem
998 1189 1064 1248 et
1108 1186 1334 1248 vinum
1380 1183 1540 1248 facit
1586 1204 1823 1268 corpus
1867 1191 1933 1250 et
1979 1188 2370 1269 sanguinem
2414 1185 2639 1260 Verbi,
2665 1189 2739 1248 ut
2783 1184 2952 1248 haec
2996 1185 3069 1246 in

716 1285 904 1350 nobis
950 1284 1208 1351 efficere
1256 1289 1505 1370 possint
1548 1307 1987 1371 quaecumque
2019 1307 2254 1373 corpus
2283 1290 2488 1372 ipsius
2517 1285 2870 1362 efficiebat;
2913 1304 3068 1349 nam

718 1391 1097 1472 quicumque
1145 1388 1275 1454 buc
1320 1388 1405 1454 ad
1450 1409 1687 1474 corpus
1732 1393 1874 1454 eius
1911 1411 2058 1454 cum
2089 1389 2214 1456 fide
2247 1389 2608 1471 accederet,
2640 1392 2952 1452 virtutem
2981 1405 3068 1450 ex

716 1509 815 1573 e0,
864 1497 1173 1574 quantum
1218 1490 1491 1574 indiget,
1542 1495 1886 1576 acciperet.
1930 1492 2258 1575 Attamen,
2291 1491 2502 1576 quoad
2530 1492 2696 1556 haec
2729 1492 3064 1576 mysteria,

716 1595 774 1656 si
820 1611 1149 1676 rogemur,
1200 1591 1417 1658 dicere
1470 1613 1605 1658 non
1658 1614 1996 1679 possumus
2049 1594 2366 1679 quomodo
2411 1597 2599 1680 panis
2651 1611 2886 1677 corpus
2931 1589 3064 1672 fiat,
3125 1605 3178 1651 ιο

716 1698 783 1757 et
827 1696 1053 1757 vinum
1086 1697 1375 1778 sanguis,
1408 1693 1522 1760 sed
1554 1693 1942 1760 confitemur
1970 1701 2226 1760 tantum
2261 1695 2429 1780 quod
2459 1693 2638 1777 fiunt,
2665 1699 2732 1759 et
2763 1693 2842 1759 de
2875 1690 3066 1756 modo

716 1814 839 1877 quo
886 1792 1049 1858 fiunt
1092 1800 1401 1862 tacemus.
1450 1795 1521 1862 Si
1566 1800 1708 1881 quis
1760 1797 1922 1862 velit
1975 1798 2144 1864 haec
2197 1817 2314 1881 per
2367 1800 2710 1863 scientiam
2761 1795 3066 1874 scrutari,

716 1895 940 1960 audiat
987 1917 1027 1962 a
1072 1899 1261 1964 nobis
1308 1919 1387 1964 ea
1433 1899 2123 1983 incomprehensibilia
2151 1919 2328 1976 esse;
2363 1902 2516 1984 quia
2545 1897 2774 1964 modus
2805 1917 2928 1980 quo
2959 1915 3070 1960 res

715 1998 1084 2064 huiusmodi
1128 1999 1292 2066 fiunt
1337 2002 1471 2068 Deo
1517 2001 1822 2067 Creatori
1866 2007 2120 2068 tantum
2159 2009 2528 2088 compertus
2557 2007 2688 2078 est;
2739 2000 2910 2086 apud
2945 2019 3068 2064 nos

717 2105 936 2165 autem
982 2100 1172 2167 dehet
1218 2122 1517 2168 crescere
1562 2101 1742 2186 fides,
1769 2123 1932 2187 quae
1980 2104 2168 2169 nobis
2211 2124 2332 2189 per
2363 2106 2648 2187 gratiam
2679 2102 2834 2168 data
2863 2106 2964 2166 est
2992 2106 3066 2164 ut
3128 2116 3182 2160 15

715 2205 859 2266 eius
904 2223 1023 2288 ope
1070 2209 1275 2270 totam
1328 2204 1695 2270 doctrinam
1749 2204 1829 2270 de
1877 2208 2229 2290 mysteriiS,
2287 2225 2450 2289 quae
2506 2204 2678 2289 apud
2727 2223 2848 2268 nos
2893 2207 3064 2284 sunt,

714 2308 1071 2370 teneamus.
1106 2304 1394 2372 Scientia
1440 2326 1601 2371 vero
1634 2327 1882 2389 eorum,
1907 2306 2090 2372 *cum
2123 2307 2642 2392 supernaturalis
2671 2310 2776 2389 sit,
2808 2305 3067 2386 factori,

715 2411 787 2469 ut
832 2406 993 2488 dixi,
1039 2408 1388 2474 tribuenda
1434 2414 1553 2491 est,
1602 2413 1756 2493 quia
1801 2412 2041 2474 iustum
2089 2416 2188 2474 est
2233 2417 2300 2474 et
2329 2429 2694 2493 congruum
2725 2409 3069 2472 scientiam

717 2527 938 2572 rerum
986 2509 1357 2575 huiusmodi
1400 2511 1500 2574 illi
1547 2510 1631 2576 ad
1678 2531 1868 2595 quem
1915 2515 2243 2596 pertinent
2289 2512 2587 2596 relinqui.

804 2609 874 2676 Si
920 2617 1139 2677 autem
1184 2611 1297 2677 ille
1344 2616 1451 2676 cui
1510 2613 1782 2679 credere
1831 2614 2314 2699 contemptibile
2375 2613 2640 2678 videtur
2683 2618 2749 2678 et
2802 2615 2912 2695 qui
2955 2631 3068 2676 cu·
3123 2626 3187 2672 20

716 2718 810 2800 pit
870 2719 1211 2782 scientiam
1274 2721 1578 2782 exactam
1638 2717 1718 2781 de
1774 2737 1847 2782 re
1901 2717 2464 2782 inhumanationis
2523 2717 2772 2780 habere
2841 2715 3063 2779 dicat:

716 2817 857 2882 Nisi
903 2821 1083 2901 prius
1145 2822 1571 2902 cognoverim
1617 2819 1686 2884 id
1732 2823 1839 2884 cui
1899 2818 2270 2884 crediturus
2313 2839 2474 2902 sum,
2523 2838 2658 2883 non
2709 2824 2936 2902 potero
2988 2815 3071 2880 il-

716 2919 828 2984 lud
873 2920 1258 3004 simpliciter
1310 2924 1630 3006 accipere,
1686 2941 1772 2986 ne
1825 2941 1942 3006 pro
1995 2920 2175 2986 fideli
2225 2925 2526 2987 nesciens
2579 2921 2862 2996 hahear;
2912 2920 3068 2984 huic

717 3023 1226 3107 respondeamus
1272 3029 1337 3088 et
1398 3024 1721 3090 dicamus:
1787 3025 1892 3088 Ex
1937 3028 2034 3089 eis
2079 3045 2242 3108 quae
2305 3029 2492 3109 putas
2536 3030 2600 3088 te
2669 3029 2916 3105 tenere,
2969 3022 3068 3086 di·-

716 3145 899 3190 scere
948 3125 1145 3191 debes
1190 3147 1271 3192 ea
1318 3128 1547 3211 quibus
1592 3126 1785 3192 fidem
1831 3127 2122 3211 denegas
2173 3130 2490 3211 accipere.
2524 3127 2804 3208 Etenim,
2837 3129 2895 3190 si
2925 3127 3070 3209 quis
3125 3138 3188 3182 25

714 3228 993 3294 Iudaeus
1038 3229 1144 3294 vel
1192 3249 1489 3314 paganus
1532 3229 1618 3294 ad
1661 3236 1728 3294 te
1775 3230 2138 3313 accederet,
2185 3235 2270 3313 et,
2319 3233 2585 3315 cupiens
2629 3250 2670 3294 a
2716 3235 2782 3293 te
2813 3229 3066 3293 discere

714 3333 1031 3414 mysteria
1078 3351 1242 3415 quae
1288 3334 1359 3394 in
1403 3331 1701 3397 Ecclesia
1747 3331 2184 3414 celebrantur,
2232 3332 2512 3397 diceret:
2555 3329 2888 3403 Quomodo
2919 3349 3065 3414 pos—

714 3432 902 3497 sibile
949 3436 1033 3498 sit
1080 3453 1313 3518 aquam
1345 3432 1493 3498 fieri
1523 3440 1782 3499 uterum
1827 3437 2196 3499 nativitatis
2225 3434 2548 3500 secundae
2581 3433 2972 3515 hominibuS,
2999 3437 3064 3496 et

714 3534 928 3600 oleum
973 3539 1305 3618 virtutem,
1338 3541 1402 3600 et
1434 3555 1666 3620 panem
1698 3556 1953 3620 coerS,
1987 3542 2051 3600 et
2081 3539 2307 3600 vinum
2353 3539 2760 3620 sanguinem,
2803 3540 2868 3598 et
2915 3554 3064 3598 eum

714 3639 824 3718 qui
867 3640 937 3700 in
983 3638 1097 3702 illo
1144 3639 1511 3722 baptizatur
1556 3645 1621 3703 et
1666 3657 1756 3702 ex
1799 3639 1904 3703 his
1947 3642 2238 3704 nutritur
2275 3641 2645 3703 existimari
2674 3637 2880 3702 filium
2925 3637 3062 3718 Dei,
3121 3650 3182 3696 ει)

716 3743 781 3802 et
827 3757 913 3802 ex
958 3739 1285 3824 corporali
1317 3740 1678 3825 spiritalem
1711 3739 1877 3824 fieri,
1909 3741 2160 3805 nullum
2191 3741 2442 3806 clarum
2475 3740 2845 3824 exemplum
2877 3738 3064 3803 ades-

716 3846 814 3904 set
861 3861 985 3924 quo
1032 3861 1179 3906 eum
1226 3841 1305 3906 de
1352 3845 1496 3908 istis
1541 3862 1923 3926 persuasum
1969 3843 2244 3926 facereS,
2293 3842 2408 3908 sed
2453 3850 2608 3928 puto
2651 3848 2718 3907 te
2763 3845 2827 3906 ei
2857 3841 3063 3906 dictu·

716 3962 889 4008 rum:
939 3943 1099 4008 Fide
1144 3948 1401 4008 tantum
1446 3944 1607 4010 talia
1654 3944 1850 4010 homo
1899 3951 2123 4009 tenere
2171 3945 2362 4010 debet
2409 3951 2471 4010 et
2519 3951 2769 4010 certum
2815 3943 3062 4008 habere

716 4045 883 4131 quod
929 4045 1099 4111 Deus
1144 4049 1367 4112 omnia
1411 4045 1605 4112 facile
1652 4046 1876 4112 facere
1923 4050 2140 4133 possit.
2191 4049 2272 4112 Et
2318 4051 2375 4112 si
2420 4047 2634 4112 studet
2665 4051 2763 4112 eis
2793 4049 3062 4112 investi-

717 4148 952 4233 gandis
996 4154 1332 4233 postquam
1380 4169 1419 4214 a
1466 4155 1530 4213 te
1578 4149 1830 4214 audivit
1877 4151 2080 4214 Deum
2112 4171 2252 4216 esse
2287 4153 2396 4235 qui
2423 4150 2586 4215 talia
2625 4149 2875 4231 fecerit,
2909 4153 3064 4213 tunc
3121 4161 3179 4207 35

714 4253 1017 4315 existimo
1064 4270 1214 4315 eum
1258 4269 1391 4316 non
1439 4256 1689 4316 tantum
1735 4251 1857 4316 tibi
1901 4251 2383 4337 despiciendum
2431 4256 2502 4315 ut
2553 4250 2901 4333 infidelem,
2949 4249 3064 4314 sed

714 4355 914 4417 etiam
961 4358 1029 4417 ut
1076 4352 1341 4418 stultum
1396 4358 1461 4418 et
1506 4356 1924 4438 ignorantem
1969 4354 2092 4417 tibi
2136 4353 2524 4435 habendum,
2575 4355 2726 4437 quia
2771 4370 2904 4418 non
2949 4372 3063 4436 po-

712 4457 913 4518 tuerit
959 4454 1336 4520 discernere
1398 4460 1463 4519 et
1522 4454 1912 4539 intellegere
1960 4454 2146 4538 quod,
2196 4458 2253 4520 si
2298 4455 2470 4519 Deus
2528 4457 2613 4518 sit
2673 4456 2781 4538 qui
2841 4473 2923 4517 ea
2969 4453 3065 4517 fe-

714 4558 898 4640 cerit,
946 4559 1083 4640 ipse
1146 4575 1277 4621 non
1339 4556 1531 4621 debet
1592 4556 1671 4622 de
1727 4556 1858 4620 illis
1912 4557 2108 4621 rebus
2160 4556 2341 4620 litem
2403 4576 2689 4639 movere,
2745 4575 2868 4620 nec
2929 4556 3064 4620 Deo
