3400 5642
1689 526 1801 603 —··.<(
1848 518 1935 585 50
1982 524 2093 604 »ς-

714 684 847 729 non
893 670 1058 746 erat,
1107 670 1172 729 et
1217 666 1475 745 mansit,
1525 664 1724 727 etiam
1769 667 2107 747 postquam
2152 660 2365 727 factus
2410 666 2529 743 est,
2576 660 2644 725 id
2692 660 2861 744 quod
2922 665 3067 724 erat

717 765 1070 831 secundum
1117 767 1468 829 essentiam
1513 769 1578 829 et
1625 768 1951 828 naturam.
2001 762 2181 828 Haec
2226 764 2403 827 enim
2448 763 2787 846 conceptio
2810 781 2947 825 non
2968 767 3067 826 est

720 866 948 933 modus
993 866 1250 931 essendi
1297 865 1546 947 solitus,
1593 864 1709 929 sed
1754 884 1863 929 res
1892 862 2235 929 mirabilis.
2268 862 2435 927 Nam
2466 864 2679 927 omnis
2707 862 2925 944 homo,
2959 864 3069 946 qui

717 970 790 1031 in
835 966 1146 1033 mundum
1204 968 1404 1048 venit,
1468 968 1650 1050 prius
1712 968 2017 1029 recenter
2060 962 2151 1047 fit,
2200 968 2265 1027 et
2296 965 2681 1046 concipitur,
2731 967 2795 1027 et
2842 966 3070 1046 postea

717 1072 1044 1145 nascitur;
1091 1068 1394 1133 Christus
1439 1072 1678 1151 autem,
1732 1066 1928 1131 homo
1974 1066 2316 1147 mirabiliS,
2363 1084 2495 1129 non
2542 1068 2807 1130 creatus
2852 1068 2954 1129 est
2985 1062 3069 1128 ad
3148 1083 3178 1127 5

723 1173 1177 1237 exsistentiam
1207 1190 1354 1235 cum
1399 1190 1533 1235 non
1563 1177 1753 1253 esset,
1788 1174 1955 1235 sicut
1980 1168 2249 1253 quilibet
2277 1168 2507 1244 homo;
2542 1166 2676 1250 sed,
2710 1186 2861 1231 cum
2893 1169 3072 1231 exsi-

721 1276 941 1354 steret,
991 1271 1196 1336 voluit
1258 1276 1526 1355 propter
1583 1276 1881 1337 nostram
1940 1270 2215 1335 salutem
2262 1266 2409 1335 fleri
2460 1268 2657 1333 homo
2718 1267 2889 1351 quod
2936 1286 3071 1332 non

719 1378 886 1439 erat.
934 1373 1096 1437 Erat
1141 1376 1316 1437 enim
1361 1373 1534 1437 Deus
1579 1379 1644 1438 et
1689 1373 1815 1437 sibi
1861 1372 2105 1457 placuit
2149 1371 2345 1436 homo
2391 1368 2556 1453 fieri,
2590 1389 2725 1435 non
2772 1389 2851 1434 eo
2898 1368 3073 1453 quod

718 1494 852 1541 non
897 1482 1064 1557 erat,
1113 1474 1228 1539 sed
1271 1494 1352 1540 eo
1397 1474 1567 1559 quod
1611 1480 1711 1539 est
1758 1473 2205 1539 aeternaliter.
2234 1474 2313 1537 Et
2342 1474 2513 1556 quia,
2546 1492 2695 1537 cum
2726 1474 2860 1535 iam
2892 1474 3071 1535 exsi-

718 1580 940 1658 steret,
973 1574 1188 1641 factus
1217 1582 1332 1658 est,
1365 1576 1492 1641 hoc
1526 1596 1566 1641 ⁴(
1596 1574 1744 1641 fieri
1776 1596 1811 1639 »
1840 1577 2177 1641 invenitur
2200 1574 2283 1638 ab
2308 1574 2457 1639 aliis
2488 1570 2775 1639 differre.
2811 1573 3073 1637 Etenim
3130 1594 3184 1639 ιο

720 1676 1160 1762 quodcumque
1205 1676 1296 1761 fit,
1344 1676 1418 1741 fit
1463 1677 1614 1741 dum
1665 1697 1801 1743 non
1846 1677 2235 1751 exsistebat;
2291 1675 2586 1740 Verbum
2632 1680 2873 1756 autem,
2922 1693 3069 1739 cum

720 1780 1072 1843 exsisteret
1116 1778 1362 1844 factum
1407 1783 1526 1844 est.
1575 1778 1885 1843 Attamen
1944 1796 2078 1844 non
2122 1776 2367 1843 factum
2412 1782 2511 1841 est
2556 1776 2625 1840 id
2670 1775 2839 1860 quod
2902 1780 3069 1857 erat,

720 1882 872 1964 quia
917 1880 1016 1944 illi
1062 1901 1222 1965 opus
1265 1900 1399 1946 non
1444 1886 1590 1946 erat
1635 1879 1782 1945 fieri
1828 1881 1895 1944 id
1940 1879 2109 1965 quod
2139 1886 2319 1956 erat;
2369 1878 2484 1945 sed
2506 1877 2754 1943 factum
2786 1883 2887 1943 est
2910 1898 3071 1943 caro

720 1981 890 2065 quod
933 2002 1066 2046 non
1113 1988 1277 2065 erat,
1326 1988 1392 2047 et
1437 1984 1678 2047 mansit
1724 1982 1793 2047 id
1838 1980 2006 2065 quod
2051 1987 2197 2046 erat
2220 1982 2409 2046 Deus.
2436 1981 2517 2045 Et
2540 1983 2693 2065 quia
2720 1984 3071 2063 utrumque

720 2084 956 2149 horum
1003 2089 1100 2148 est
1146 2084 1469 2167 mirabile,
1517 2104 1638 2150 nos
1683 2084 1993 2149 debemus
2038 2086 2238 2149 etiam
2284 2088 2628 2167 utrumque
2660 2102 2809 2147 cum
2864 2081 3073 2147 admi-
3128 2106 3184 2154 15

723 2187 978 2251 ratione
1026 2191 1090 2251 et
1135 2184 1262 2251 fide
1308 2191 1558 2269 tenere,
1619 2205 1754 2252 non
1813 2206 1975 2251 vero
2036 2188 2441 2270 investigare
2502 2184 2763 2250 modum
2818 2203 3071 2266 eorum,

720 2288 832 2352 sed
881 2308 1106 2353 rerum
1151 2291 1444 2372 ipsarum
1487 2288 1859 2373 prodigium
1904 2291 2155 2353 mirari.
2206 2288 2287 2352 Et
2332 2289 2485 2372 quia
2514 2286 3077 2370 incomprehensi-

645 2432 672 2459 0
718 2390 880 2455 bilia
935 2396 1104 2473 sunt,
1151 2389 1388 2455 fortius
1434 2390 1743 2455 debemus
1788 2390 2095 2455 ¹'credere
2144 2411 2223 2456 ea
2272 2410 2413 2455 esse
2460 2390 2611 2465 Dei;
2660 2391 2768 2453 cui
2812 2407 3076 2473 semper

720 2495 1030 2557 convenit
1090 2492 1395 2577 prodigia
1455 2493 1821 2575 ostendere,
1882 2492 2215 2557 mirabilia
2282 2497 2569 2577 patrare,
2634 2496 2699 2555 et
2762 2510 2845 2555 ea
2906 2510 3073 2574 quae

721 2590 1078 2658 ineffabilia
1124 2599 1293 2676 sunt,
1341 2599 1412 2658 ut
1456 2594 1749 2659 Verbum
1780 2595 1917 2675 Dei,
1966 2592 2205 2659 facere.
3124 2616 3185 2661 so

806 2694 1030 2780 Itaque
1077 2696 1202 2760 hoc
1248 2699 1632 2781 mysterium
1678 2696 2045 2761 revelatum
2088 2703 2207 2778 est,
2254 2716 2388 2761 non
2442 2697 2873 2781 explicatum3
2934 2694 3073 2780 Spi-

721 2798 935 2863 ritalis
981 2818 1068 2862 ex
1129 2818 1248 2863 sua
1294 2800 1627 2864 creatione
1673 2798 1994 2863 formatus
2038 2804 2155 2880 est,
2205 2798 2373 2883 quod
2418 2818 2552 2863 non
2597 2803 2807 2883 potest
2870 2798 3073 2863 eluci-

720 2899 898 2975 dari;
947 2900 1084 2982 Ille,
1134 2903 1244 2985 qui
1290 2920 1376 2965 ex
1421 2900 1588 2965 Ente
1635 2907 1753 2983 est,
1802 2902 2127 2966 creaturis
2172 2906 2681 2966 connumeratus
2724 2904 2845 2983 est,
2892 2904 3073 2965 veri-

719 3006 854 3067 tate
901 3005 1228 3067 essentiae
1277 3022 1434 3067 suae
1481 3022 1614 3069 non
1659 3008 1927 3067 mutata.
1955 3002 2101 3068 Non
2144 3008 2243 3067 est
2289 3007 2576 3069 mutatus
2622 3006 2773 3087 quia
2802 3023 2941 3068 non
2987 3022 3074 3067 ex

721 3106 933 3188 seipso
979 3103 1192 3169 factus
1237 3110 1354 3187 est,
1403 3104 1518 3169 sed
1563 3126 1648 3169 ex
1692 3104 1973 3188 Virgine
2020 3110 2267 3188 sancta,
2302 3124 2420 3190 per
2449 3106 3068 3189 incorporationem.
3126 3124 3185 3169 25

720 3206 838 3270 Ille
886 3209 1061 3270 enim
1108 3208 1218 3291 qui
1262 3208 1686 3291 incorporeus
1732 3214 1849 3290 est,
1898 3228 1984 3272 ex
2028 3213 2255 3273 nostro
2286 3228 2561 3292 corpore
2616 3210 3075 3291 incorporatus

723 3313 852 3385 est;
903 3314 987 3392 et,
1037 3330 1184 3374 cum
1229 3311 1686 3393 incorporatus
1732 3314 1851 3393 est,
1900 3312 2041 3375 eius
2091 3309 2596 3394 incorporalitas
2654 3312 2797 3375 sine
2860 3314 3073 3376 muta-

726 3413 905 3475 tione
952 3414 1210 3475 mansit.
1260 3410 1586 3475 Mirabilis
1631 3415 1729 3475 est
1775 3411 1941 3475 haec
1986 3430 2097 3475 res
2142 3416 2207 3475 et
2252 3408 2601 3475 ineffabilis
2648 3409 2859 3493 quoad
2906 3410 3069 3476 duo:

721 3512 890 3596 quod
934 3513 1146 3597 Virgo
1191 3516 1408 3597 pariat
1455 3517 1520 3577 et
1565 3512 1735 3597 quod
1780 3513 1951 3577 Deus
1994 3517 2326 3578 nascatur.
2359 3513 2459 3579 Ita
2483 3532 2643 3578 vero
2668 3511 2817 3577 fieri
2848 3512 3073 3578 debuit

723 3616 891 3697 quia,
941 3616 998 3677 si
1044 3616 1154 3697 qui
1198 3616 1492 3678 nascitur
1539 3614 1709 3677 Deus
1754 3618 1871 3695 est,
1922 3634 2007 3679 ex
2050 3613 2332 3697 Virgine
2377 3615 2563 3679 nasci
2616 3613 2827 3679 debet.
2862 3613 3074 3679 Homo
3126 3635 3185 3681 so

722 3718 896 3779 enim
944 3734 1029 3779 ex
1060 3717 1234 3780 coitu
1281 3714 1448 3781 solet
1489 3718 1707 3791 nasci;
1758 3716 1929 3779 Deus
1958 3734 2119 3781 vero
2160 3717 2261 3781 ita
2290 3721 2383 3797 ut,
2408 3718 2609 3780 etiam
2640 3714 2853 3798 quoad
2884 3735 3073 3780 suam

724 3817 1082 3880 humanam
1141 3818 1574 3900 nativitatem,
1624 3822 2025 3901 agnoscatur
2084 3837 2225 3883 esse
2287 3818 2489 3894 Deus;
2540 3823 2625 3900 et,
2674 3820 2733 3883 si
2784 3817 3073 3883 voluerit

725 3916 972 4002 aliquid
1015 3920 1174 3983 novi
1217 3921 1354 4003 ipse
1401 3916 1548 3983 fieri
1593 3924 1658 3983 et
1706 3922 2033 3984 rationem
2078 3920 2351 3987 alterius
2395 3923 2764 3985 nativitatis
2810 3921 2939 3987 sibi
2968 3940 3075 3986 as-

721 4038 999 4100 sumere,
1049 4037 1212 4102 quae
1258 4020 1655 4084 naturaliter
1703 4025 1983 4085 naturae
2015 4035 2171 4085 suae
2196 4040 2328 4084 non
2352 4022 2722 4103 conveniat,
2750 4023 2846 4085 ita
2870 4024 3071 4085 etiam

725 4120 936 4205 quoad
998 4140 1183 4185 suam
1243 4122 1679 4186 omnimodam
1741 4122 2592 4205 incomprehensibilitatem
2653 4129 2953 4187 remanet
3006 4123 3073 4188 id
3122 4146 3181 4192 35

720 4221 888 4305 quod
935 4228 1098 4287 erat.
1148 4222 1372 4286 Voluit
1404 4243 1491 4287 ex
1535 4223 1816 4306 Virgine
1862 4225 2048 4288 nasci
2094 4228 2159 4287 et
2206 4223 2485 4289 ostendit
2516 4226 2718 4288 etiam
2749 4224 2923 4288 hanc
2952 4244 3072 4290 na-

723 4325 1048 4387 tivitatem
1093 4344 1235 4387 esse
1285 4322 1680 4389 ineffabilem
1728 4328 1823 4388 uti
1870 4330 1967 4388 est
2012 4329 2077 4388 et
2124 4344 2407 4409 superna
2453 4327 2789 4408 nativitaS,
2824 4330 2891 4390 et
2937 4324 3072 4391 for·-

722 4428 895 4489 sitan
941 4428 1154 4509 magis
1200 4424 1595 4490 ineffabilem
1641 4446 1835 4510 quam
1881 4430 2039 4502 ista3
2089 4446 2244 4491 nam
2287 4427 2591 4491 naturale
2625 4433 2723 4491 est
2756 4428 2963 4492 Deum
2986 4448 3071 4493 ex

721 4528 854 4591 Deo
900 4530 1102 4610 nasci,
1151 4548 1310 4592 vere
1358 4532 1576 4593 autem
1621 4528 2122 4613 supernaturale
2169 4529 2373 4593 Deum
2418 4532 2605 4593 nasci
2635 4548 2722 4593 ex
2768 4529 3062 4612 muliere,
