3400 5642
1698 488 2103 576 «(72»-

729 637 798 698 in
846 653 927 699 ea
974 639 1042 699 et
1085 653 1172 698 ex
1218 652 1318 698 ea.
1366 631 1766 718 Conceptum
1827 639 2046 698 autem
2091 638 2192 698 est
2235 634 2388 717 quia
2449 636 2966 718 incorporatum;
3017 639 3080 700 et

661 783 673 796 .
730 755 877 802 cum
922 739 1413 820 incorporatum
1444 740 1634 817 esset,
1662 737 1733 799 in
1755 753 1874 800 sua
1898 735 2422 800 immutabilitate
2455 739 2832 820 permansit.
2867 735 3082 800 *Fieri

732 841 908 903 enim
952 857 1087 901 non
1148 842 1404 921 poterat
1450 841 1521 902 ut
1568 840 1643 920 is,
1693 840 1802 922 qui
1863 857 2010 903 cum
2069 843 2242 902 esset
2287 836 2498 902 factus
2545 843 2661 920 est,
2709 842 3082 903 mutaretur

732 939 815 1002 ab
862 957 941 1003 eo
988 937 1156 1022 quod
1203 943 1334 1002 est:
1384 937 1553 1021 quod
1598 939 1978 1022 cuicumque
2030 944 2286 1002 tantum
2345 944 2691 1004 creaturae
2753 942 3078 1023 congruit,

730 1059 914 1126 quae,
964 1043 1115 1125 quia
1161 1039 1339 1105 sacta
1384 1046 1484 1105 est
1528 1059 1675 1105 cum
1723 1059 1856 1104 non
1901 1043 2268 1123 exsisteret,
2317 1046 2625 1124 mutatur,
2657 1041 2810 1105 dum
2855 1039 2945 1118 fit,
2997 1041 3080 1105 ab

730 1163 811 1208 eo
856 1142 1025 1228 quod
1070 1149 1233 1208 erat.
1298 1142 1516 1227 Ipsum
1576 1147 1796 1206 autem
1841 1141 2136 1206 Verbum
2195 1145 2611 1208 incarnatum
2655 1145 2726 1206 in
2781 1143 3082 1207 omnibus

729 1245 991 1310 videtur
1036 1244 1341 1309 mirabile
1386 1245 1557 1328 quia,
1606 1263 1756 1308 cum
1799 1249 2007 1308 totum
2051 1245 2137 1309 sit
2181 1245 2567 1328 ubicumque
2613 1249 2730 1327 est,
2762 1263 3083 1328 nusquam

729 1353 827 1410 est
874 1366 993 1432 per
1037 1347 1333 1427 limitem,
1382 1352 1495 1411 aut
1541 1365 1659 1430 per
1721 1351 1960 1429 partes,
2009 1365 2088 1409 eo
2149 1345 2318 1429 quod
2377 1346 2772 1412 naturaliter
2831 1346 3082 1411 nullam

730 1449 928 1513 habet
974 1451 1508 1533 compositionem
1553 1454 1625 1512 ut
1670 1453 1893 1532 partes
1937 1449 2351 1512 existimetur
2396 1446 2664 1530 habere,
2698 1453 2763 1512 et
2796 1467 2914 1532 per
2961 1447 3084 1512 ali-

730 1570 925 1635 quam
968 1555 1223 1635 partem
1270 1553 1599 1634 cogitetur
1642 1569 1786 1614 esse
1833 1552 1903 1613 in
1945 1549 2148 1614 Patre
2173 1555 2238 1614 et
2268 1569 2387 1633 per
2409 1549 2612 1614 aliam
2632 1552 2705 1613 in
2735 1552 3078 1614 creaturis.

729 1653 1008 1736 Etenim,
1057 1653 1276 1736 aliqua
1321 1672 1475 1737 pars
1521 1655 1663 1716 eius
1707 1671 1840 1716 non
1887 1657 1986 1717 est
2031 1654 2102 1715 in
2147 1652 2421 1736 abyssiS,
2470 1657 2536 1716 et
2583 1652 2716 1717 alia
2763 1671 2960 1737 super
3011 1655 3082 1716 in

729 1761 999 1839 terram,
1048 1761 1114 1820 et
1162 1755 1294 1820 alia
1340 1759 1410 1819 in
1456 1775 1633 1838 aere,
1682 1761 1750 1820 et
1796 1754 1929 1819 alia
1973 1758 2044 1818 in
2089 1754 2294 1837 caelo,
2341 1759 2408 1819 et
2453 1755 2587 1820 alia
2610 1757 2682 1818 in
2705 1754 2910 1820 caelis
2932 1775 3084 1820 cae·-

728 1858 961 1923 lorum.
1011 1857 1155 1923 Non
1202 1864 1513 1942 tanquam
1558 1876 1796 1941 corpus
1841 1875 2154 1940 magnum
2201 1856 2336 1920 alia
2381 1875 2660 1941 corpora
2705 1877 2776 1920 se
2823 1859 3082 1922 minora

729 1960 972 2044 implet,
1020 1959 1134 2024 sed
1194 1966 1505 2043 tanquam
1566 1962 1834 2044 spiritus
1893 1959 2150 2023 subtilis
2197 1963 2262 2022 et
2323 1956 2618 2022 infinitus
2677 1961 2804 2042 qui,
2861 1961 3086 2024 omnia

728 2063 1022 2148 implenS‚
1086 2062 1267 2127 nullo
1328 2068 1767 2144 mensuratur,
1816 2067 1900 2144 et,
1949 2064 2170 2126 omnia
2229 2067 2462 2126 tenens
2507 2067 2573 2126 et
2619 2061 3079 2146 complectens

728 2166 894 2230 nulli
940 2164 1277 2230 adhaeret.
1328 2163 1555 2228 Omnis
1616 2166 1792 2228 enim
1839 2169 2146 2228 creatura
2193 2183 2272 2228 eo
2317 2163 2511 2247 plena
2571 2168 2688 2246 est,
2745 2171 2811 2228 et
2873 2167 3087 2228 omnis

727 2273 967 2332 natura
1016 2268 1099 2332 ab
1146 2287 1225 2332 eo
1279 2273 1533 2331 remota
1595 2270 1713 2330 est.
1779 2266 1836 2329 Ν
1839 2285 1924 2330 on
1985 2269 2162 2330 enim
2223 2268 2642 2330 existimatur
2701 2271 2894 2350 caput
2941 2269 3088 2331 eius

729 2390 870 2434 esse
918 2373 988 2432 in
1034 2369 1237 2434 caelis
1282 2369 1636 2451 caelorum,
1685 2373 1751 2432 et
1797 2372 2022 2452 pectus
2067 2370 2210 2432 eius
2253 2369 2324 2431 in
2370 2365 2802 2451 firmamentO,
2836 2374 2902 2432 et
2933 2387 3088 2452 par-

728 2467 901 2531 tibus
946 2470 1089 2531 eius
1150 2466 1572 2531 inferioribus
1634 2486 1861 2531 aerem
1923 2465 2202 2549 impleri,
2249 2472 2317 2530 et
2361 2465 2576 2530 latera
2635 2469 2778 2530 eius
2823 2486 2966 2530 esse
3013 2469 3086 2530 in

730 2571 1047 2634 extremis
1095 2568 1337 2651 mundi,
1386 2589 1508 2633 nec
1554 2570 1796 2633 ceteris
1841 2570 1985 2632 eius
2032 2568 2344 2632 membris
2372 2574 2622 2633 terram
2653 2567 2934 2652 impleri,
2959 2587 3086 2632 nec

729 2672 952 2755 planta
999 2670 1234 2755 pedum
1280 2674 1423 2735 eius
1468 2673 1539 2734 in
1570 2671 1828 2754 abyssis
1859 2689 2020 2734 esse.
2049 2668 2150 2734 Ita
2175 2672 2353 2734 enim
2385 2688 2518 2734 non
2549 2668 2960 2734 sentiendum
2985 2676 3086 2734 est

728 2775 808 2840 de
855 2776 1303 2860 magnitudine
1349 2776 1529 2841 illius
1573 2779 1683 2859 qui
1745 2773 2092 2840 ineffabilis
2144 2780 2261 2858 est,
2311 2777 2420 2858 qui
2464 2778 2530 2838 in
2580 2775 2876 2840 omnibus
2929 2778 3084 2840 sim·

728 2879 879 2965 plex
927 2886 994 2944 et
1038 2877 1327 2943 infinitus
1389 2882 1788 2963 agnoscitur,
1851 2881 1962 2962 qui
2021 2896 2179 2942 vere
2242 2881 2452 2942 omnis
2498 2881 2561 2941 in
2619 2878 2916 2942 omnibus
2962 2883 3082 2960 est,

728 2983 878 3064 quia
924 2988 1145 3066 partes
1192 2979 1509 3063 quaedam
1556 2983 1699 3044 eius
1745 3001 1871 3044 non
1905 2979 2298 3044 definiuntur
2343 2978 2496 3043 dum
2543 2985 2767 3044 cetera
2799 2999 2964 3063 quae
2997 2980 3085 3044 ad

728 3086 937 3166 ipsum
983 3087 1275 3167 spectant
1324 3081 1573 3146 infinita
1619 3087 1784 3146 sunt.
1834 3080 2390 3152 Quemadmodum
2433 3085 2606 3146 enim
2653 3081 2874 3164 aliqua
2928 3101 3085 3167 pars

727 3190 948 3267 terrae
996 3191 1429 3266 mensuratur,
1478 3184 1593 3248 sed
1639 3184 1892 3268 reliqua
1937 3189 2121 3248 terra
2167 3203 2292 3247 non
2327 3188 2766 3266 mensuratur,
2801 3188 2866 3248 et
2899 3183 3086 3268 paul-

726 3287 930 3350 lulum
954 3287 1243 3372 pulveris
1274 3306 1360 3350 ex
1384 3285 1555 3350 facie
1578 3291 1801 3351 terrae
1834 3285 2240 3371 appenditur,
2268 3285 2382 3350 sed
2405 3285 2694 3368 reliquus
2716 3287 2932 3371 pulvis
2955 3306 3084 3351 non

728 3389 1133 3473 appenditur,
1182 3393 1249 3452 et
1296 3392 1463 3452 sicut
1522 3389 1760 3473 aliquis
1819 3387 2177 3472 paullulum
2237 3407 2444 3471 aquae
2492 3407 2527 3452 e
2583 3391 2755 3452 mari
2814 3391 3086 3453 metitur

620 3511 668 3551 ·.
727 3490 840 3555 sed
887 3491 1209 3574 reliquum
1232 3488 1492 3574 *abyssi
1537 3493 1888 3556 universae
1921 3491 2040 3554 sub
2069 3509 2446 3554 mensuram
2479 3510 2604 3554 non
2635 3489 2830 3572 cadit,
2863 3495 2930 3555 et
2961 3490 3088 3554 ali—

728 3596 868 3676 quis
914 3592 1219 3677 appendit
1265 3612 1499 3656 saxum
1548 3610 1824 3675 parvum
1870 3612 1956 3656 ex
1986 3598 2202 3657 monte
2235 3611 2491 3676 magn0,
2525 3591 2639 3656 sed
2669 3597 2807 3656 tota
2841 3595 3082 3658 montis

726 3695 1105 3779 magnitudo
1152 3695 1271 3758 sub
1318 3694 1601 3778 pondere
1650 3713 1777 3759 non
1823 3697 2021 3777 venit,
2069 3699 2135 3758 et
2189 3694 2425 3777 aliquis
2487 3713 2764 3778 parvam
2825 3699 3084 3778 partem

728 3800 903 3861 aeris
950 3800 1015 3860 in
1063 3816 1221 3861 vase
1266 3801 1464 3879 tenet,
1492 3796 1606 3861 sed
1651 3801 1826 3860 totus
1873 3817 1994 3861 aer
2035 3797 2207 3860 liber
2253 3801 2318 3862 et
2365 3793 2635 3860 diffusus
2681 3802 2747 3860 et
2781 3817 2902 3861 non
2929 3816 3085 3861 con—

727 3898 944 3963 clusus
990 3905 1241 3963 manet:
1290 3919 1411 3963 non
1462 3901 1555 3963 ita
1578 3899 1985 3963 sentiendum
2017 3903 2115 3963 est
2146 3905 2398 3983 partem
2431 3898 2720 3982 aliquam
2763 3918 3084 3983 personae

728 4001 845 4065 Dei
891 4001 1098 4065 Verbi
1143 4021 1286 4066 esse
1333 3999 1581 4065 finitam
1630 4008 1697 4065 et
1740 4001 2058 4084 reliquam
2091 4020 2436 4085 personam
2465 4003 2608 4066 eius
2639 4020 2906 4065 manere
2939 3999 3088 4065 infi-

728 4106 950 4184 nitam,
1001 4109 1114 4168 aut
1160 4109 1414 4187 partem
1461 4102 1748 4185 aliquam
1793 4105 1936 4167 eius
1982 4123 2124 4167 esse
2154 4106 2220 4166 in
2246 4103 2450 4184 cae10,
2477 4107 2543 4167 et
2575 4103 2777 4167 aliam
2799 4106 2864 4166 in
2898 4123 3080 4186 aere,

728 4209 793 4267 et
840 4204 1039 4269 aliam
1084 4207 1151 4266 in
1199 4210 1400 4286 terra,
1450 4210 1515 4268 et
1561 4204 1762 4268 aliam
1807 4207 1872 4268 in
1921 4205 2177 4288 abyssis
2222 4202 2663 4287 inferioribuS,
2698 4210 2764 4269 et
2795 4205 3086 4288 reliquas

727 4309 789 4368 in
840 4309 1157 4370 extremis
1203 4306 1441 4370 mundi.
1491 4306 1592 4370 Ita
1639 4309 1812 4370 enim
1859 4327 1928 4370 se
1977 4327 2102 4370 uon
2149 4307 2350 4371 habet
2395 4309 2503 4390 qui
2548 4310 2615 4371 in
2649 4309 2945 4372 omnibus
2983 4314 3084 4372 est

729 4409 1067 4490 mirabiliS,
1116 4412 1225 4492 qui
1286 4411 1665 4492 agnoscitur
1726 4409 2022 4494 simplex,
2087 4407 2374 4473 infinitus
2420 4415 2485 4474 et
2537 4409 2923 4492 illimitatuS,
2973 4414 3088 4494 qui

729 4529 849 4574 uon
900 4513 1147 4594 patitur
1194 4530 1274 4573 ne
1322 4517 1564 4574 motum
1612 4511 1870 4593 quidem
1915 4514 2385 4595 cogitationum
2433 4518 2547 4576 aut
2592 4511 2874 4576 studium
2923 4533 3086 4597 qua-

3139 1565 3198 1608 lo

3141 2075 3198 2118 15

3140 2583 3202 2628 20

3135 3605 3202 3652 30

3139 4116 3204 4162 35
