3400 5642
1280 555 1391 632 -tzg
1438 547 1525 610 93
1570 553 1683 631 »1-

308 691 487 753 vatio
530 695 760 754 nostra
790 709 909 774 per
946 693 1087 754 eius
1136 711 1173 752 α
1206 688 1351 754 fieri
1382 711 1420 755 »
1456 690 1746 755 stabilita
1778 696 1892 755 est.
1929 689 2070 754 Nisi
2100 693 2274 754 enim
2307 691 2416 755 ille
2449 690 2662 756 factus

308 795 477 854 esset
525 796 593 856 et
642 793 881 856 iterum
941 799 1154 875 natuS,
1216 811 1337 856 nos
1397 811 1529 856 non
1590 795 2021 877 potuissemus
2081 791 2292 858 denuo
2346 791 2492 856 fleri
2538 811 2662 858 nec

308 896 523 968 nasci;
574 898 641 958 et
684 895 815 957 nisi
860 893 971 958 ille
1016 897 1399 960 incarnatus
1445 900 1635 977 esset,
1683 913 2016 980 nunquam
2071 897 2499 978 potuissemus
2529 897 2659 979 spi-

306 995 537 1060 ritales
583 993 746 1060 fieri.
796 995 1029 1061 Omnia
1076 999 1249 1062 enim
1296 997 1469 1062 bona
1515 1001 1743 1062 nostra
1789 1015 1876 1061 ex
1906 996 2468 1061 humiliationibus
2498 1000 2658 1075 eiuS,

230 1114 256 1156 5
308 1097 539 1179 quibus
584 1097 753 1161 nihil
798 1097 1069 1182 aequale
1116 1105 1233 1181 est,
1284 1103 1658 1162 sumuntur:
1709 1097 2096 1182 spiritalitas
2139 1103 2366 1162 nostra
2399 1117 2486 1162 ex
2515 1117 2662 1164 cor-

308 1199 657 1282 poralitate
702 1202 864 1283 eius,
911 1201 1229 1266 exaltatio
1272 1206 1501 1266 nostra
1546 1219 1633 1264 ex
1680 1200 2134 1266 humiliatione
2181 1203 2340 1283 eius,
2389 1201 2664 1266 libertas

308 1307 533 1368 nostra
582 1321 669 1366 ex
715 1323 795 1368 eo
840 1302 1009 1388 quod
1054 1305 1191 1388 ipse
1236 1303 1517 1368 formam
1565 1306 1744 1368 servi
1789 1306 2153 1388 assumpsit,
2207 1322 2383 1368 nova
2435 1309 2660 1369 nostra

308 1406 559 1468 creatio
606 1423 692 1470 ex
739 1405 1025 1471 secunda
1070 1409 1211 1471 eius
1257 1408 1626 1488 nativitate,
1666 1403 1936 1470 divitiae
1967 1410 2236 1471 nostrae
2267 1425 2355 1470 ex
2385 1425 2662 1491 pauper-

308 1511 439 1571 tate
488 1509 651 1589 eius,
700 1506 1033 1591 plenitudo
1078 1513 1305 1573 nostra
1351 1527 1437 1572 ex
1486 1511 1627 1572 eius
1671 1507 2058 1591 indigentia,
2115 1510 2384 1572 satietas
2435 1514 2661 1574 nostra

213 1615 261 1660 1⁰
310 1627 391 1672 ex
438 1611 584 1672 eius
627 1607 824 1691 fame,
871 1607 1273 1674 abundantia
1319 1614 1547 1676 nostra
1585 1629 1673 1673 ex
1705 1609 2202 1674 necessitatibus
2234 1612 2394 1691 eius,
2427 1612 2666 1694 impas-

310 1709 591 1775 sibilitas
634 1716 861 1776 nostra
908 1731 995 1776 ex
1055 1712 1467 1796 passionibus
1530 1713 1689 1794 eiuS,
1754 1716 1820 1776 et
1881 1713 2020 1776 vita
2079 1717 2308 1776 nostra
2361 1730 2526 1776 vera
2578 1730 2664 1774 ex

309 1819 521 1876 morte
566 1815 729 1878 eius.
793 1812 979 1885 Quod
1030 1817 1087 1877 si
1141 1812 1527 1898 intellegere
1591 1833 1725 1878 non
1777 1812 2074 1878 valemus
2134 1812 2451 1898 quomodo
2497 1813 2664 1878 haec

308 1919 529 1981 omnia
576 1937 695 2002 per
738 1919 1151 1984 nativitatem
1198 1915 1551 1982 secundam
1584 1919 2048 2000 acceperimus,
2083 1917 2400 2000 quomodo
2431 1935 2666 2000 appre-

308 2018 599 2083 hendere
645 2037 978 2103 possemus
1024 2039 1189 2103 quae
1234 2024 1461 2084 nostra
1508 2024 1659 2084 sunt
1705 2021 1848 2084 eius
1893 2017 2069 2084 facta
2117 2038 2258 2083 esse
2306 2037 2425 2102 per
2468 2017 2665 2081 inhu-

212 2135 259 2180 15
307 2123 753 2185 manationem
798 2123 943 2185 eius
972 2139 1059 2185 ex
1088 2119 1322 2185 nobis?
1354 2120 1436 2184 Et
1466 2124 1523 2184 si
1556 2138 1720 2204 quae
1752 2119 1858 2184 his
1905 2123 2162 2185 minora
2203 2121 2666 2184 existimantur

308 2221 571 2286 difficile
619 2229 718 2287 est
762 2221 1127 2306 declarare,
1174 2222 1489 2308 quomodo
1536 2223 1724 2305 haec,
1757 2242 1922 2307 quae
1955 2221 2206 2288 infinite
2239 2221 2370 2286 illis
2409 2223 2663 2285 maiora

308 2329 477 2407 sunt,
549 2323 872 2408 explicari
924 2324 1227 2408 possent?
1284 2323 1354 2389 Si
1406 2323 1647 2390 donum
1704 2325 1871 2410 quod
1926 2323 2094 2409 apud
2157 2323 2458 2388 homines
2517 2341 2664 2406 per-

308 2432 528 2490 actum
575 2431 675 2490 est
718 2429 1055 2491 invenitur
1101 2426 1619 2511 supernaturale,
1653 2427 1970 2511 quomodo
2009 2425 2171 2491 illud
2201 2424 2370 2509 quod
2415 2427 2486 2488 in
2531 2425 2666 2489 Deo

307 2528 557 2593 factum
604 2533 703 2593 est
746 2547 879 2593 non
926 2534 1097 2594 esset
1142 2529 1443 2594 mirabile
1492 2535 1556 2594 et
1600 2548 1800 2614 supra
1844 2535 2102 2614 captum
2141 2528 2552 2595 intellectus?
2599 2526 2668 2592 Si

210 2643 260 2688 20
306 2650 503 2694 nemo
548 2628 937 2714 intellegere
982 2630 1161 2694 valet
1208 2630 1525 2715 quomodo
1568 2649 1850 2714 persona
1896 2630 2239 2696 cuiuslibet
2271 2631 2556 2695 hominis
2585 2628 2664 2694 de

306 2751 481 2797 novo
530 2731 853 2797 formetur
898 2737 964 2796 et
1018 2738 1377 2798 renovetur
1429 2735 1499 2796 in
1558 2731 1830 2798 fornace
1893 2733 2214 2818 baptismi,
2277 2732 2460 2796 nulla
2507 2751 2666 2796 sane

307 2855 493 2899 mens
540 2837 877 2919 percipere
924 2840 1135 2919 potest
1180 2834 1497 2919 quomodo
1544 2836 1716 2900 Deus
1767 2835 1978 2900 factus
2024 2838 2108 2899 sit
2154 2835 2349 2900 homo
2395 2855 2484 2900 ex
2514 2834 2667 2900 Vir-

310 2940 486 3020 gine,
512 2942 583 3000 ut
614 2939 685 3000 in
716 2957 785 3002 se
818 2937 1033 3002 denuo
1068 2942 1273 3002 totam
1304 2943 1611 3002 naturam
1642 2937 2001 3002 humanam
2033 2936 2338 3002 crearet?
2391 2958 2426 3000 «
2461 2937 2668 3021 Ipsius

306 3042 483 3102 enim
518 3058 739 3102 sumus
769 3039 1049 3122 factura,
1082 3041 1291 3105 creati
1325 3041 1394 3103 in
1418 3038 1683 3103 Christo
1717 3039 1882 3120 Iesu,
1917 3041 1986 3102 in
2011 3039 2318 3124 operibus
2343 3039 2530 3104 bonis
2561 3037 2578 3081 ¹
2607 3059 2667 3103 ».

210 3153 259 3196 25
395 3140 625 3224 Itaque
672 3139 839 3205 duae
885 3143 1288 3223 nativitates,
1334 3159 1467 3204 una
1514 3140 1722 3204 Verbi
1755 3161 1841 3205 ex
1873 3141 2174 3224 Virgine,
2217 3140 2428 3204 altera
2461 3143 2670 3206 nostri

309 3263 393 3306 ex
440 3243 785 3326 baptismo,
832 3242 985 3308 fidei
1030 3242 1390 3308 tradendae
1436 3247 1606 3326 sunt,
1640 3246 1792 3327 quia
1822 3248 2098 3327 utraque
2131 3246 2382 3326 pariter
2413 3261 2668 3306 omnem

308 3347 889 3428 investigationem
936 3345 1041 3409 *et
1088 3347 1554 3410 scrutationem
1602 3342 1848 3428 effugit.
1897 3343 2060 3408 Cum
2107 3347 2282 3408 enim
2327 3347 2497 3408 scire
2536 3363 2670 3408 non
2726 3368 2781 3424 p.
2815 3353 2948 3410 122.

307 3447 651 3512 valeamus
712 3447 1031 3531 quomodo
1093 3467 1181 3512 ex
1227 3467 1398 3531 aqua
1462 3452 1527 3512 et
1588 3446 1834 3532 Spiritu
1881 3445 2000 3512 filii
2059 3449 2178 3512 Dei
2233 3447 2482 3530 fiamus,
2544 3447 2670 3512 1100

310 3555 531 3614 autem
579 3549 923 3616 credamus
968 3553 1062 3615 ita
1106 3550 1353 3616 factum
1398 3569 1541 3614 esse
1552 3569 1575 3626 ·;
1626 3556 1690 3615 et
1739 3554 2008 3634 pariter,
2058 3551 2212 3616 licet
2252 3571 2385 3615 non
2415 3550 2671 3614 intelle-

206 3671 261 3716 30
311 3671 547 3736 gamus
591 3651 855 3716 modum
900 3673 1025 3737 quo
1086 3653 1257 3716 Deus
1302 3651 1474 3716 filius
1533 3652 1830 3716 mulieris
1889 3652 2100 3718 factus
2161 3655 2263 3736 sit,
2313 3653 2438 3718 hoc
2481 3653 2671 3717 nobis

308 3753 711 3818 credendum
756 3761 856 3819 est
901 3758 1051 3840 quia
1096 3754 1265 3819 1111111
1312 3755 1447 3819 Deo
1478 3753 1740 3819 difficile
1772 3760 1887 3818 est.
1923 3755 2324 3840 Impossibile
2365 3758 2542 3819 enim
2573 3761 2672 3818 est

308 3875 429 3920 nos
472 3855 651 3920 hanc
702 3862 997 3922 nostram
1051 3855 1417 3941 spiritalem
1476 3859 1912 3938 nativitatem,
1961 3875 2126 3941 quae
2187 3855 2362 3921 facta
2410 3862 2508 3921 est
2553 3875 2672 3940 per

307 3957 722 4041 baptismum,
772 3959 1180 4042 intellegere,
1238 3961 1405 4022 sicut
1459 3962 1524 4022 et
1576 3957 1750 4022 hanc
1797 3959 2203 4042 corporalem
2257 3961 2667 4023 nativitatem

312 4059 447 4141 Dei,
474 4079 643 4144 quae
689 4060 865 4126 facta
914 4065 1013 4124 est
1058 4079 1145 4125 ex
1189 4061 1504 4144 Virgine;
1554 4060 1668 4124 sed
1715 4064 2056 4145 utramque
2105 4080 2252 4125 cum
2285 4060 2668 4125 adoratione

207 4181 261 4225 35
312 4167 377 4224 et
422 4159 552 4226 fide
602 4166 828 4227 tenere
878 4162 1207 4227 debemus.

400 4261 588 4335 Quod
634 4263 926 4327 Verbum
973 4283 1131 4329 caro
1174 4262 1420 4328 factum
1469 4266 1571 4344 sit,
1622 4262 1936 4328 addemus
1981 4267 2178 4328 etiam
2227 4262 2404 4327 aliud
2451 4283 2672 4328 exem-

312 4364 506 4447 plum,
543 4364 712 4449 quod
758 4385 879 4449 per
906 4385 1029 4430 nos
1074 4370 1139 4429 et
1171 4365 1340 4450 apud
1386 4385 1523 4447 1103,
1559 4365 1769 4449 quoad
1801 4370 2029 4430 sancta
2059 4369 2397 4450 mysteria,
2432 4365 2668 4431 cotidie

409 4589 424 4617 ¹
466 4587 637 4656 Εριι..
672 4601 732 4658 11,
775 4588 859 4642 10.
