3400 5642
782 683 1040 747 ratione
1087 680 1417 765 opinandi,
1466 686 1550 763 et,
1584 681 1736 764 quia
1767 681 2044 745 nescivit
2067 679 2336 745 credere
2367 679 2571 744 Deum
2595 685 2906 764 tanquam
2929 681 3131 744 Deum

784 787 1109 868 genuisse,
1158 783 1303 848 loco
1349 783 1553 868 prolis
1597 787 1976 847 creaturam
2021 787 2087 846 et
2131 782 2276 847 loco
2305 782 2458 845 Filii
2489 802 2753 846 servum
2782 783 3126 848 intellexit.

780 886 965 968 Item,
1014 890 1087 949 tu
1132 884 1529 950 condemnas
1590 883 1947 949 Sabellium
1993 889 2058 948 et
2102 883 2472 967 Photinum,
2521 888 2650 968 qui,
2697 886 2782 950 ob
2825 884 3132 968 simplici-

780 992 983 1052 tatem
1030 989 1095 1050 et
1141 985 1734 1051 indivisibilitatem
1795 988 2118 1050 essentiae
2163 985 2449 1068 divinae,
2495 987 2938 1069 cognitionem
2984 1006 3131 1070 per-

782 1108 1093 1154 sonarum
1140 1093 1207 1153 et
1252 1086 1447 1154 fldem
1492 1091 1564 1152 in
1616 1091 1914 1152 trinitate
1975 1092 2456 1172 perverterunt.
2504 1088 2640 1152 Hos
2697 1108 2860 1152 vero
2920 1091 2980 1152 si
3029 1092 3133 1152 vis

783 1191 1289 1276 reprehendere,
1340 1190 1538 1255 debes
1579 1191 1704 1254 tibi
1749 1195 2072 1268 constare,
2121 1195 2188 1256 et
2233 1189 2766 1275 quemadmodum
2798 1188 3132 1255 confiteris

784 1295 987 1358 Deum
1033 1313 1119 1357 ex
1168 1293 1378 1357 nihilo
1424 1297 1768 1358 creaturas
1827 1291 2080 1376 fecisse,
2129 1292 2242 1357 sed
2301 1312 2436 1357 non
2495 1297 2758 1377 quaeris
2807 1293 3130 1377 quomodo

782 1416 897 1460 eas
942 1394 1195 1477 fecerit,
1245 1399 1311 1459 et
1358 1393 1575 1461 credis
1620 1414 1770 1458 eum
1816 1413 1904 1458 ex
1949 1396 2234 1465 essentia
2257 1414 2375 1458 sua
2397 1393 2636 1458 Filium
2662 1398 2983 1479 genuisse,
3017 1394 3134 1460 sed

782 1517 915 1563 non
962 1499 1283 1562 scrutaris
1328 1495 1647 1580 quomodo
1692 1515 1842 1560 eum
1891 1500 2213 1580 genuerit,
2261 1502 2328 1560 et
2371 1503 2558 1562 tenes
2577 1503 2884 1562 naturam
2915 1504 3131 1562 aeter-

782 1620 937 1664 nam
984 1603 1053 1663 in
1113 1599 1325 1663 tribus
1384 1602 1683 1683 personis
1744 1601 2033 1682 agnosci,
2097 1598 2211 1662 sed
2270 1619 2404 1664 non
2463 1599 2752 1684 disputas
2813 1599 3132 1685 quomodo

782 1720 983 1766 unum
1030 1703 1115 1765 sit
1159 1706 1299 1765 tres
1343 1706 1409 1765 et
1452 1705 1593 1764 tres
1636 1703 1768 1764 sint
1797 1719 2032 1764 unum:
2081 1703 2176 1765 ita
2207 1706 2272 1764 et
2295 1700 2566 1766 credere
2614 1700 2810 1766 debes
2839 1702 3132 1766 Verbum

780 1807 1027 1872 sactum
1073 1827 1215 1872 esse
1264 1826 1553 1891 carnem,
1582 1809 1732 1891 quia
1779 1810 2094 1891 scriptum
2139 1812 2256 1889 est,
2305 1812 2370 1871 et
2413 1812 2642 1872 natum
2671 1829 2814 1873 esse
2861 1828 2948 1873 ex
2975 1809 3135 1872 Vir-

787 1911 960 1992 gine,
1010 1911 1161 1992 quia
1208 1911 1277 1972 in
1324 1907 1661 1992 Scriptura
1709 1911 1988 1992 positum
2049 1914 2178 1984 est;
2229 1908 2544 1992 quomodo
2591 1914 2809 1973 autem
2852 1909 2962 1973 vel
3009 1929 3133 1993 quo

783 2009 997 2075 medio
1040 2016 1269 2075 natum
1316 2013 1401 2074 sit
1447 2029 1533 2075 ex
1576 2010 1880 2094 Virgine,
1930 2013 2221 2094 coniugii
2267 2019 2555 2095 experte,
2597 2014 2912 2076 scientiae
2957 2011 3136 2076 illius

780 2115 890 2198 qui
934 2112 1147 2178 factus
1192 2117 1291 2177 est
1336 2117 1680 2196 utrumque
1729 2113 2042 2195 relinque.
2093 2112 2172 2176 Ei
2217 2115 2394 2177 enim
2461 2116 2756 2197 scientia,
2803 2115 2924 2179 tibi
2969 2135 3132 2180 vero

778 2213 939 2280 fides
985 2218 1325 2291 convenit3
1376 2217 1439 2278 ei
1486 2217 1792 2298 congruit
1839 2233 2276 2297 quaecumque
2321 2214 2480 2297 vult,
2529 2214 2770 2298 facere,
2817 2217 2938 2280 tibi
2969 2237 3133 2282 vero

778 2337 859 2382 ea
907 2337 1071 2401 quae
1118 2316 1299 2400 facit,
1346 2322 1418 2381 ut
1465 2323 1647 2381 certa
1694 2315 1961 2380 habere.
2011 2317 2115 2380 Ex
2159 2315 2285 2381 fide
2319 2316 2574 2401 quidem
2621 2319 2802 2383 nulla
2831 2319 3132 2384 haeresis

778 2426 925 2484 orta
974 2426 1088 2485 est.
1138 2419 1363 2503 Itaque
1410 2437 1530 2483 cur
1576 2419 1659 2483 ab
1706 2419 1832 2484 hoc
1878 2422 2207 2483 recessisti
2240 2439 2364 2502 quo
2410 2422 2623 2502 magis
2654 2420 3020 2485 ostenditur
3064 2426 3130 2484 te

778 2542 921 2586 esse
968 2521 1445 2586 christianum?
1492 2519 1618 2585 Sed
1664 2521 1864 2586 debes
1908 2541 2120 2586 vanas
2180 2524 2520 2606 opiniones
2565 2542 2604 2586 a
2651 2529 2715 2586 te
2761 2523 3127 2606 eradicare,

778 2642 942 2707 quae
990 2643 1229 2688 nomen
1276 2623 1483 2689 falsae
1530 2627 1846 2689 scientiae
1895 2624 2020 2688 sibi
2067 2627 2405 2706 arrogant.
2453 2623 2624 2688 Istae
2657 2627 2994 2709 opiniones
3027 2645 3130 2690 se-

782 2725 1062 2791 cundum
1108 2727 1383 2790 verbum
1430 2731 1744 2810 putantur
1789 2728 2082 2808 scientia,
2131 2725 2246 2789 sed
2291 2746 2409 2809 per
2452 2729 3032 2810 investigationem
3063 2735 3129 2792 et

777 2829 1148 2894 realitatem
1194 2831 1575 2912 ignorantia
1622 2848 1765 2893 esse
1811 2831 2254 2892 inveniuntur.
2305 2828 2485 2892 Vera
2533 2831 2706 2894 enim
2737 2831 3014 2894 scientia
3047 2829 3127 2893 de

778 2932 873 2994 eis
920 2950 1084 3013 quae
1133 2929 1217 2994 ad
1264 2929 1466 2994 Deum
1514 2933 1861 3015 pertinent,
1895 2927 2013 2992 *ea
2061 2934 2158 2992 est
2205 2949 2367 3012 quae
2415 2933 2583 2993 scire
2616 2932 2822 3013 potuit
2853 2950 2922 2994 se
2954 2931 3128 2995 nihil

779 3034 967 3115 scire,
1003 3036 1067 3096 et
1113 3035 1451 3117 percipere
1498 3032 1708 3096 valuit
1755 3052 1822 3096 se
1855 3031 2022 3096 nihil
2047 3031 2452 3115 intellegere.
2480 3031 2562 3094 Et
2586 3031 3124 3115 quemadmodum

781 3133 950 3218 apud
998 3153 1077 3198 ea
1124 3155 1287 3218 quae
1350 3138 1420 3198 in
1466 3133 1706 3198 mundo
1754 3138 1922 3217 sunt,
1973 3133 2088 3198 illa
2149 3137 2565 3198 existimatur
2625 3137 2900 3199 scientia
2953 3155 3123 3218 quae

778 3240 957 3300 vires
999 3241 1389 3301 naturarum
1438 3241 1503 3300 et
1528 3239 1979 3320 operationum
2012 3236 2416 3319 aliarumque
2441 3255 2663 3300 rerum
2687 3236 3127 3301 humanarum

778 3340 1063 3403 scrutari
1109 3343 1174 3402 et
1221 3342 1479 3422 assequi
1538 3338 1781 3403 valuit:
1845 3341 1939 3402 ita
2003 3342 2063 3402 et
2113 3341 2184 3401 in
2244 3341 2340 3402 eis
2401 3357 2565 3421 quae
2612 3339 2731 3402 Dei
2777 3345 2944 3421 sunt,
3009 3339 3127 3402 illa

778 3442 1059 3505 habetur
1103 3442 1377 3506 scientia
1424 3460 1589 3524 quae
1636 3443 1992 3525 praescivit
2037 3446 2102 3504 et
2133 3438 2397 3504 decreto
2443 3438 2738 3504 definivit
2784 3443 2910 3505 ista
2951 3461 3127 3505 com-

775 3542 1094 3628 prehendi
1138 3563 1270 3607 non
1318 3563 1504 3628 posse
1536 3561 1659 3606 nec
1705 3543 2048 3606 cuiuslibet
2095 3547 2439 3606 creaturae
2486 3544 2760 3606 scientia
2806 3542 3124 3626 intellegi.

776 3647 1052 3728 Etenim,
1102 3645 1270 3729 quod
1316 3647 1597 3710 sciamus
1643 3645 1751 3708 vel
1797 3646 2000 3709 Deum
2048 3647 2386 3726 exsistere,
2422 3647 2639 3728 gratia
2683 3643 2872 3708 nobis
2902 3643 3128 3709 datum

776 3753 905 3824 est;
956 3751 1107 3832 quia
1152 3750 1372 3813 vocati
1418 3767 1638 3811 sumus
1683 3747 2044 3812 rationales
2075 3751 2140 3810 et
2163 3749 2616 3829 cognoscimus
2637 3764 2756 3811 nos
2786 3749 3127 3830 percipere

775 3850 1133 3913 bonitatem
1165 3853 1323 3913 eius.
1352 3847 1421 3913 Si
1452 3853 1670 3914 autem
1700 3851 1882 3913 notio
1913 3850 2336 3913 exsistentiae
2369 3848 2563 3930 illius,
2599 3850 2707 3932 qui
2737 3851 2808 3910 in
2837 3851 3127 3912 essentia

777 3970 895 4014 sua
942 3951 1215 4034 exsistit,
1250 3957 1509 4035 captum
1551 3956 1849 4016 nostrum
1895 3970 2028 4014 non
2059 3949 2337 4028 excedit,
2385 3969 2518 4014 non
2563 3955 2784 4014 tamen
2815 3948 3129 4015 dehemus

776 4055 1179 4136 investigare
1219 4052 1537 4136 quomodo
1582 4056 1878 4136 exsistat,
1927 4057 2040 4116 aut
2085 4070 2211 4134 qua
2257 4053 2512 4115 ratione
2561 4050 2846 4134 aliquam
2893 4070 3130 4135 opera-

774 4156 1019 4218 tionem
1064 4154 1565 4239 dispensationis
1610 4173 1729 4239 pro
1775 4154 1963 4218 nobis
2007 4151 2376 4238 perfecerit.

3187 1617 3236 1664 10

3187 2139 3238 2181 15

3181 3162 3236 3206 25

3183 4170 3325 4233 33·
