3400 5642
215 1588 280 1637 10

215 4142 280 4189 ³5

1315 513 1717 599 4441&-

329 660 534 723 Patre
582 677 697 722 suo
743 658 1068 741 regnabat
1115 677 1311 741 super
1357 659 1609 733 omnia;
1645 661 1711 721 et
1744 660 2091 740 antequam
2121 656 2431 721 thronum
2476 656 2685 720 David

332 759 744 827 haereditate
793 761 1136 843 obtineret,
1173 764 1317 823 erat
1352 759 1556 823 Filius
1602 758 2205 835 consubstantialis;
2241 763 2306 822 et
2338 763 2683 843 antequam

330 866 689 926 vocaretur
733 881 958 925 semen
1004 860 1334 943 Abrahae,
1382 879 1516 924 non
1556 860 1724 925 stola
1769 858 2033 926 indutus
2065 866 2163 924 est
2210 880 2497 925 summus
2527 879 2685 943 pon-

329 964 520 1047 tifex,
565 982 690 1029 nec
735 968 805 1026 ut
851 965 1074 1027 tunica
1131 966 1393 1047 corpori
1438 961 1561 1026 fuit
1593 982 1749 1027 caro
1797 962 2201 1048 spiritalitati
2254 964 2426 1038 eius;
2475 982 2683 1048 neque

332 1070 403 1130 in
449 1065 652 1130 alium
699 1064 1050 1147 hominem,
1084 1067 1192 1149 qui
1224 1071 1581 1129 extraneus
1612 1064 1739 1128 sihi
1767 1062 1988 1148 fuerit,
2021 1067 2358 1148 ingressus
2390 1069 2486 1129 est
2516 1064 2684 1127 Ver-

333 1169 486 1232 bum
535 1174 600 1231 et
642 1170 714 1231 in
745 1187 823 1232 eo
855 1166 1212 1243 habitavit;
1247 1186 1456 1250 neque
1487 1165 1701 1232 forma
1735 1169 1803 1229 in
1833 1166 2047 1231 forma
2079 1166 2422 1249 habitavit,
2469 1164 2685 1231 forma

330 1270 452 1334 Dei
497 1269 746 1333 scilicet
807 1270 878 1331 in
925 1268 1138 1333 forma
1205 1268 1521 1332 hominis:
1569 1287 1703 1332 non
1764 1272 1914 1332 sunt
1960 1270 2134 1331 enim
2196 1266 2364 1331 duae
2411 1265 2683 1351 formae,

331 1372 484 1453 quia
529 1389 662 1433 non
709 1374 859 1434 sunt
905 1368 1032 1434 duo
1076 1389 1373 1455 prosopa.
1422 1369 1567 1434 Una
1614 1372 1789 1434 enim
1836 1374 1934 1433 est
1980 1388 2259 1453 persona
2304 1367 2571 1451 Christi,
2620 1374 2688 1433 et

331 1472 476 1535 eius
535 1476 792 1554 natura,
851 1476 916 1535 et
971 1474 1111 1535 eius
1172 1470 1408 1554 forma,
1465 1475 1530 1535 et
1575 1474 1719 1535 eius
1764 1490 2105 1555 prosopon,
2162 1472 2313 1554 quia
2366 1489 2533 1535 unus
2587 1475 2685 1535 est

331 1572 538 1637 Filius
584 1572 796 1657 quoad
840 1578 1184 1658 utramque
1235 1576 1668 1638 nativitatem.
1719 1574 1953 1638 Treme
1986 1592 2148 1657 ergo
2180 1578 2246 1639 et
2275 1576 2431 1637 time
2464 1593 2685 1639 coram

331 1674 458 1739 hoc
502 1678 838 1759 mysteriO,
888 1676 1272 1758 quicumque
1320 1678 1410 1739 sis
1471 1677 1579 1758 qui
1623 1677 2031 1759 investigare
2093 1674 2277 1757 velis,
2329 1679 2395 1738 et
2440 1677 2686 1740 mirare

331 1775 493 1840 illud
539 1776 984 1841 vehementer.
1028 1777 1144 1841 Dic
1175 1795 1320 1842 cum
1352 1776 1801 1861 Evangelista,
1836 1776 2082 1841 factum
2112 1796 2287 1841 esse:
2328 1797 2365 1841 <
2394 1776 2688 1841 Verbum

333 1898 492 1943 caro
537 1877 782 1943 factum
829 1884 928 1943 est
961 1900 1033 1955 »3
1085 1877 1198 1943 sed
1245 1883 1391 1944 tace
1423 1878 1502 1943 de
1533 1878 1725 1943 modo
1774 1899 1898 1962 quo
1945 1877 2191 1944 factum
2222 1881 2324 1943 sit.
2359 1877 2687 1944 Confitere

331 2000 478 2045 cum
525 1981 732 2045 Paulo
773 1980 789 2023 ¹
837 1981 1010 2047 unde
1057 1981 1305 2046 factum
1353 1984 1469 2046 sit:
1523 2002 1559 2045 ⁴<
1601 1981 1781 2046 Misit
1827 1981 1998 2045 Deus
2042 1981 2280 2045 Filium
2326 2002 2533 2064 suum,
2588 1980 2686 2047 fa-

331 2092 508 2147 ctum
555 2103 642 2147 ex
687 2082 962 2147 muliere
996 2104 1069 2159 »;
1121 2084 1333 2148 clama
1379 2104 1527 2148 cum
1574 2104 1652 2148 eo
1699 2103 1841 2147 esse
1889 2102 2089 2147 unum
2120 2086 2321 2147 etiam
2350 2088 2687 2167 postquam

332 2184 579 2250 factum
611 2189 710 2248 est
739 2184 800 2249 2:
839 2206 876 2249 «
911 2186 1092 2252 Unus
1125 2186 1436 2251 Dominus
1467 2185 1648 2251 Iesus
1677 2185 1979 2250 Christus
2009 2205 2127 2269 per
2158 2205 2347 2269 quem
2378 2187 2599 2250 omnia
2624 2207 2683 2251 ».

327 2290 501 2355 Ecce
547 2292 681 2354 tria
728 2289 813 2354 ad
857 2309 1060 2353 unum
1089 2292 1452 2373 pertinent:
1487 2291 1949 2374 incorporatio,
1984 2290 2139 2352 unio
2172 2292 2237 2352 et
2267 2290 2503 2351 unitaS.
2560 2286 2687 2353 Ac-

333 2395 474 2477 cipe
523 2411 686 2476 ergo
754 2394 1353 2477 incorporationem
1399 2396 1465 2456 et
1511 2391 1682 2455 unde
1730 2394 2217 2475 incorporatum
2280 2392 2364 2455 sit
2418 2409 2505 2455 ex
2556 2389 2689 2455 illis

332 2495 588 2559 verbis:
643 2514 680 2558 <
713 2494 894 2558 Misit
940 2494 1110 2557 Deus
1154 2493 1394 2558 Filium
1439 2514 1645 2577 suum,
1693 2493 1940 2558 factum
1986 2513 2070 2557 ex
2118 2492 2393 2557 muliere
2419 2513 2455 2556 »
2492 2494 2538 2575 3,
2586 2497 2684 2557 et:

336 2617 374 2661 <
406 2596 553 2661 Non
599 2617 685 2661 ex
731 2596 1008 2679 Angelis
1054 2595 1502 2681 apprehendit,
1551 2595 1666 2661 sed
1697 2616 1783 2659 ex
1814 2598 2062 2660 semine
2094 2594 2405 2659 Abrahae
2439 2616 2475 2659 »
2514 2596 2559 2677 ⁴,
2592 2601 2685 2659 et:

334 2718 374 2763 ⁴(
405 2698 510 2762 Ex
555 2698 716 2763 Iuda
763 2702 946 2763 ortus
993 2702 1093 2761 est
1140 2698 1452 2762 Dominus
1497 2702 1722 2763 noster
1766 2697 1947 2761 Iesus
1978 2717 2015 2760 >
2054 2696 2097 2759 5.
2147 2694 2330 2779 Item,
2379 2699 2689 2763 unionem

329 2800 646 2885 intellege
693 2820 780 2864 ex
825 2803 1001 2865 istis:
1059 2821 1094 2864 ‹<
1142 2800 1434 2865 Verbum
1489 2818 1648 2864 caro
1692 2798 1939 2865 factum
1985 2804 2151 2863 est»
2190 2800 2235 2881 ⁶,
2286 2803 2381 2863 et:
2436 2819 2472 2862 «
2520 2797 2687 2870 Quia

330 2906 522 2987 pueri
567 2904 1219 2967 communicaverunt
1259 2904 1572 2985 sanguini
1602 2906 1667 2965 et
1699 2904 1909 2975 carni„
1940 2905 2005 2965 et
2037 2904 2173 2986 ipse
2206 2900 2509 2965 similiter
2538 2919 2689 2985 par-

329 3007 630 3089 ticipavit
653 3004 900 3069 eisdem
926 3025 961 3068 >›
994 3002 1035 3067 ⁷.
1064 3003 1367 3087 Agnosce
1401 3008 1466 3067 et
1496 3005 1816 3067 unitatem
1850 3023 2121 3087 eumque
2146 3005 2463 3067 mansisse
2488 3023 2685 3067 unum

335 3110 537 3171 etiam
597 3111 934 3190 postquam
994 3105 1208 3171 factus
1253 3110 1352 3169 est
1407 3125 1526 3189 per
1569 3103 1766 3169 illud:
1829 3125 1864 3168 ‹<
1897 3105 2077 3169 Unus
2138 3105 2449 3169 Dominus
2509 3105 2689 3171 Iesus

331 3207 636 3273 Christus
695 3228 814 3291 per
862 3228 1054 3291 quem
1099 3210 1320 3272 omnia
1367 3228 1403 3271 »
1441 3204 1487 3289 8,
1537 3212 1600 3271 et
1647 3226 1767 3291 per
1825 3205 2018 3271 illud:
2074 3226 2111 3270 <
2159 3206 2342 3271 Iesus
2386 3206 2689 3272 Christus

331 3310 482 3375 heri
527 3316 592 3374 et
637 3310 852 3393 hodie,
901 3313 1039 3395 ipse
1087 3315 1154 3373 et
1183 3312 1254 3374 in
1285 3309 1548 3375 saecula
1583 3330 1618 3373 >›
1655 3308 1700 3392 9,
1737 3314 1801 3373 et
1837 3329 1956 3392 per
1986 3308 2172 3373 illud:
2228 3330 2265 3373 «
2288 3308 2491 3373 Nobis
2521 3328 2688 3372 unus

333 3412 562 3495 *DeuS,
609 3412 830 3497 Pater,
887 3432 972 3477 ex
1019 3432 1142 3496 quo
1191 3414 1442 3489 omnia;
1495 3417 1559 3477 et
1592 3431 1759 3475 unus
1805 3411 2116 3475 Dominus
2161 3410 2342 3475 Iesus
2387 3411 2688 3476 Christus
2785 3457 2797 3470 .

333 3534 454 3599 per
498 3535 686 3598 quem
735 3517 953 3579 omnia
989 3536 1024 3579 >›
1066 3513 1133 3577 ¹⁰.

421 3617 589 3681 Ecce
637 3619 974 3681 evanescit
1019 3619 1370 3699 contentio,
1419 3618 1476 3681 si
1521 3618 1656 3692 vis;
1691 3620 1757 3680 et
1788 3615 2088 3681 aufertur
2118 3614 2197 3679 de
2230 3615 2443 3680 medio
2476 3617 2688 3680 omnis

328 3721 759 3803 investigatio
805 3721 985 3784 circa
1029 3717 1241 3783 fldem.
1293 3717 1362 3783 Si
1407 3738 1707 3784 crescere
1753 3720 1823 3782 in
1876 3720 2151 3783 scientia
2198 3722 2397 3803 cupis»,
2446 3738 2687 3783 exerce

330 3827 396 3893 te
443 3824 514 3885 in
559 3821 728 3905 aliis,
791 3841 924 3885 non
971 3827 1190 3886 autem
1235 3824 1306 3885 in
1365 3824 1875 3905 investigatione
1930 3818 2009 3885 de
2055 3819 2201 3886 fide.
2252 3822 2530 3897 Etenim,
2580 3824 2687 3905 qui

331 3923 534 3989 talem
579 3926 1158 4007 investigationem
1219 3926 1648 4007 prosequitur,
1697 3943 1831 3988 non
1894 3927 2255 4007 scientiam,
2316 3929 2389 3988 ut
2436 3925 2686 4008 opinor,

333 4025 448 4091 sed
491 4028 940 4111 ignorantiam
979 4031 1044 4090 et
1075 4026 1417 4091 stultitiam
1447 4027 1719 4090 invenit.
1755 4026 2021 4090 Veritas
2052 4030 2229 4090 enim
2260 4046 2451 4110 quam
2484 4045 2687 4110 agno-

333 4130 548 4192 vimus
592 4127 1018 4192 immutabilis
1063 4133 1436 4211 permanet:
1478 4147 1730 4213 nempe,
1767 4128 2059 4192 Verbum
2091 4129 2210 4193 Dei
2240 4148 2402 4211 esse,
2436 4128 2547 4192 ille
2580 4130 2690 4211 qui

331 4228 546 4294 factus
592 4233 691 4293 est
735 4230 932 4294 homo
979 4231 1120 4293 sine
1169 4231 1548 4293 mutatione.
1598 4227 1782 4301 Quod
1829 4231 1905 4311 si,
1948 4248 2096 4294 cum
2126 4228 2371 4295 factum
2404 4233 2522 4312 est,
2554 4248 2689 4293 non

425 4384 444 4412 ¹
487 4382 642 4449 Gal„
679 4395 761 4445 lv,
798 4384 849 4437 4.
887 4410 958 4421 -
993 4381 1016 4412 ²
1057 4382 1079 4435 I
1115 4382 1263 4448 Cor„
1303 4396 1426 4446 vm,
1461 4384 1514 4436 9.
1553 4412 1624 4423 -—
1664 4380 1685 4411 ⁸
1728 4384 1882 4446 Gal„
1921 4395 2019 4447 iv„
2057 4384 2107 4437 4.
2133 4412 2204 4421 -
2234 4382 2259 4414 ⁴
2284 4384 2481 4447 Hebr.‚
2504 4396 2566 4446 11,
2604 4383 2690 4438 16.

333 4496 404 4507 -—
439 4466 462 4497 ⁸
501 4468 696 4533 Hebr„
735 4481 836 4535 v11,
890 4470 973 4523 14.
1012 4496 1082 4506 --
1117 4467 1140 4499 ⁶
1180 4467 1408 4529 Ionan..
1442 4481 1481 4531 1,
1530 4469 1612 4523 14.
1665 4498 1733 4507 —
1770 4467 1790 4499 ⁷
1833 4468 2030 4533 Hebr„
2080 4480 2141 4532 11,
2182 4469 2265 4523 14.
2317 4498 2385 4507 —
2422 4466 2445 4499 ⁸
2482 4469 2504 4523 1
2544 4469 2691 4531 Cor„

331 4564 480 4612 vm„
516 4552 566 4605 6.
607 4582 678 4591 --
711 4552 734 4583 ⁹
772 4553 1114 4619 Hebr.,x111‚
1155 4554 1206 4607 8.
1247 4583 1316 4592 —
1350 4552 1396 4584 ¹⁰
1433 4553 1627 4616 ICor„
1653 4566 1779 4615 vm,
1816 4552 1867 4607 6.
