3400 5642
434 4265 493 4319 p.
526 4250 649 4304 241.

1646 532 2092 618 «(178)»

704 675 849 735 erat
895 671 1205 753 Verbum,
1256 676 1319 735 et
1366 672 1657 736 Verbum
1705 677 1850 737 erat
1896 672 2066 756 apud
2113 673 2334 754 Deum,
2383 677 2449 736 et
2496 673 2665 736 Deus
2711 677 2854 736 erat
2884 671 3054 734 Ver-

705 773 875 836 bum.
927 773 1065 838 Hoc
1110 779 1256 838 erat
1302 776 1371 838 in
1418 777 1740 859 principio
1773 774 1944 858 apud
1973 775 2176 839 Deum
2209 797 2267 840 ιι.
2301 772 2856 847 Quemadmodum
2886 774 3053 837 haec

706 894 837 938 non
884 875 1299 959 explicantur
1342 897 1465 941 nec
1512 876 1819 941 dicuntur
1864 876 1942 941 de
2005 877 2136 942 alio
2198 880 2307 961 qui
2367 883 2537 941 esset
2600 896 2747 940 cum
2808 875 3051 956 Verbo,

704 975 819 1040 sed
866 976 945 1042 de
992 977 1213 1042 Verbo
1261 981 1399 1062 ipso
1446 982 1874 1062 accipiuntur,
1923 979 2091 1063 quod
2137 983 2206 1044 in
2253 981 2572 1063 principio
2618 977 3056 1062 personaliter

704 1084 850 1143 erat
896 1078 1067 1162 apud
1114 1081 1315 1144 Deum
1362 1086 1427 1144 et
1472 1080 1759 1163 Patrem,
1807 1087 1880 1145 ut
1925 1082 2095 1146 Deus
2141 1081 2312 1165 apud
2357 1081 2560 1144 Deum
2607 1086 2673 1144 et
2717 1085 2788 1142 ut
2847 1080 3053 1144 Filius

704 1181 874 1265 apud
918 1181 1205 1265 Patrem,
1254 1186 1346 1248 ita
1392 1189 1457 1247 et
1518 1204 1664 1248 cum
1729 1183 2026 1248 audimus
2085 1183 2579 1267 Evangelistam
2639 1183 2964 1248 dicentem
2997 1183 3048 1246 ¹:

708 1306 743 1346 ‹
777 1283 1069 1350 Verbum
1116 1305 1274 1350 caro
1320 1285 1563 1350 factum
1618 1291 1717 1350 est
1779 1291 1844 1350 et
1904 1286 2228 1350 habitavit
2287 1289 2358 1350 in
2417 1287 2606 1350 nobis
2639 1308 2698 1368 »,
2760 1305 2894 1350 non
2955 1292 3052 1350 est

706 1387 1115 1453 sentiendum
1163 1388 1287 1452 hoc
1338 1409 1374 1451 «
1406 1387 1554 1453 fieri
1585 1410 1622 1453 »
1674 1389 1870 1453 alteri
1915 1391 2290 1470 convenire,
2339 1393 2447 1453 cui
2491 1388 2792 1453 adhaesit
2839 1394 2952 1452 aut
2985 1392 3054 1452 in

704 1510 829 1573 quo
899 1490 1244 1572 habitavit,
1315 1498 1428 1555 aut
1498 1511 1686 1574 quem
1756 1490 1965 1555 induit
2027 1491 2134 1555 vel
2196 1494 2559 1575 assumpsit,
2623 1491 2746 1555 hoc
2813 1511 3052 1555 nomen

708 1614 743 1654 ‹
776 1591 923 1656 fieri
954 1619 987 1652 »
1045 1593 1267 1658 Verbo
1312 1594 1756 1678 metaphorice
1801 1598 2054 1657 tantum
2085 1592 2464 1668 tribuendo;
2500 1593 2614 1658 sed
2651 1613 2798 1658 cum
2835 1593 3054 1657 Libris

706 1700 883 1760 recte
931 1695 1203 1760 credere
1250 1695 1560 1760 debemus
1606 1697 1696 1760 ibi
1729 1696 2020 1761 Verbum
2075 1720 2109 1753 «
2141 1715 2282 1760 esse
2321 1723 2375 1777 ν,
2411 1696 2519 1760 hic
2547 1716 2709 1760 vero
2747 1718 2783 1759 <
2807 1694 3052 1760 factum

634 1845 647 1858 .
704 1817 845 1861 esse
879 1818 939 1861 ».
988 1797 1110 1860 *Et
1155 1797 1687 1881 quemadmodum
1738 1801 1946 1882 ipsum
1993 1803 2091 1862 est
2137 1798 2350 1882 quoad
2389 1825 2419 1857 α
2453 1819 2596 1862 esse
2630 1820 2690 1880 »,
2730 1817 2854 1862 nec
2885 1798 3054 1862 alius

704 1903 1122 1965 existimatur
1167 1903 1309 1964 eius
1355 1901 1517 1983 loc0,
1580 1904 1675 1964 ita
1737 1907 1802 1964 et
1855 1899 2066 1984 quoad
2115 1921 2152 1962 «
2184 1899 2331 1965 fieri
2363 1922 2423 1983 »,
2479 1903 2688 1986 ipsum
2749 1908 2868 1982 est,
2929 1921 3053 1964 nec

706 2003 859 2066 licet
904 2002 1105 2067 alium
1152 2023 1299 2067 cum
1346 2022 1425 2066 eo
1471 2002 1908 2066 introducere.
1959 2002 2174 2086 Ipsum
2221 2006 2396 2066 enim
2443 2009 2541 2067 est
2585 2022 2718 2066 una
2773 2022 3054 2087 persona

704 2110 771 2169 et
814 2124 947 2169 una
992 2111 1233 2169 natura
1278 2108 1719 2188 incorporata,
1768 2105 1937 2169 Deus
1996 2111 2062 2169 et
2117 2106 2331 2188 hom0,
2393 2105 2686 2169 Verbum
2747 2111 2812 2169 et
2873 2125 3050 2186 cam,

705 2207 911 2272 Filius
972 2215 1037 2272 et
1096 2206 1417 2288 ChristuS,
1482 2209 1873 2291 Unigenitus
1933 2213 1998 2271 et
2058 2208 2562 2290 Primogenitus‚
2628 2208 2937 2272 Dominus
2990 2213 3055 2271 et

672 2308 900 2372 iesus.
950 2309 1033 2372 Et
1080 2308 1615 2391 'quemadmodum
1662 2329 1805 2373 esse
1853 2308 2054 2372 Deum
2102 2312 2165 2372 ei
2210 2308 2539 2390 tribuitur,
2574 2327 2708 2372 non
2735 2328 2898 2372 vero
2937 2308 3055 2372 alii

704 2412 812 2492 qui
857 2429 1003 2473 cum
1051 2430 1129 2474 eo
1176 2412 1279 2491 sit,
1328 2413 1421 2474 ita
1468 2416 1535 2473 et
1577 2409 1824 2473 factum
1871 2428 2012 2472 esse
2059 2408 2388 2473 hominem
2444 2412 2513 2472 in
2574 2429 2652 2473 eo
2713 2413 2853 2492 ipso
2915 2428 3056 2472 ma-

703 2511 1081 2575 nifestatum
1128 2517 1245 2594 est,
1294 2532 1427 2576 non
1472 2517 1693 2576 autem
1753 2515 1822 2576 in
1885 2511 2016 2576 alio
2079 2531 2276 2596 prope
2340 2532 2506 2576 eum.
2569 2510 2892 2596 Scriptum
2954 2515 3052 2574 est

706 2617 879 2678 enim
929 2614 1325 2678 invisibilem
1372 2617 1585 2678 visum
1632 2635 1807 2689 esse3
1859 2619 1923 2679 et
1969 2614 2282 2678 intactilis
2329 2613 2568 2678 dicitur
2613 2618 3055 2678 contrectatus

704 2735 845 2780 esse
872 2715 932 2778 2:
988 2736 1024 2779 ‹<
1055 2715 1357 2780 Vidimus
1404 2716 1609 2780 oculis
1652 2719 1898 2780 nostris
1943 2720 2008 2779 et
2055 2716 2356 2780 manibus
2401 2719 2642 2780 nostris
2688 2719 3054 2780 contrecta-

706 2820 919 2881 vimus
965 2817 1257 2881 Verbum
1302 2821 1512 2893 vitae3
1564 2823 1627 2881 et
1674 2820 1813 2881 vita
1860 2816 2279 2882 manifestata
2326 2823 2419 2882 est
2469 2837 2634 2900 quae
2689 2823 2834 2882 erat
2881 2815 3052 2900 apud

707 2919 993 3002 Patrem,
1058 2925 1123 2983 et
1183 2920 1370 2985 nobis
1423 2920 1720 2984 revelata
1775 2925 1872 2984 est
1905 2941 1977 2995 »;
2034 2939 2288 3004 nempe,
2329 2923 2386 2983 is
2440 2922 2547 3003 qui
2597 2919 2836 2984 dicitur
2881 2919 3053 2983 Deus

702 3041 899 3086 verus
946 3029 1013 3086 et
1056 3026 1194 3086 vita
1241 3028 1531 3087 aeterna.

792 3124 935 3188 Non
984 3127 1155 3188 enim
1204 3129 1470 3208 propter
1515 3124 1715 3188 alium
1764 3127 1872 3208 qui
1919 3131 2090 3189 esset
2134 3143 2280 3188 cum
2325 3124 2549 3190 Verbo
2595 3127 2906 3208 scriptum
2955 3130 3052 3188 est

702 3226 995 3290 Verbum
1057 3230 1411 3303 exsistere;
1474 3247 1683 3310 neque
1748 3226 1856 3290 hic
1921 3226 2077 3292 licet
2137 3231 2200 3292 ei
2260 3229 2553 3292 tribuere
2620 3248 2655 3290 «
2699 3224 2844 3291 fieri
2877 3249 2913 3290 »
2971 3246 3051 3290 eo

701 3327 868 3412 quod
914 3328 1109 3393 homo
1155 3348 1301 3394 cum
1348 3349 1426 3394 eo
1471 3328 1683 3392 factus
1729 3331 1830 3393 sit.
1895 3328 2020 3393 Sed
2081 3330 2164 3394 ad
2209 3333 2421 3414 ipsum
2483 3349 2722 3395 revera
2769 3333 3051 3414 pertinet

701 3436 1064 3514 utrumque,
1118 3452 1154 3494 «
1187 3451 1329 3495 esse
1363 3457 1396 3490 »
1450 3431 1699 3496 scilicet
1745 3436 1810 3496 et
1861 3453 1896 3494 «
1929 3430 2077 3495 fieri
2108 3453 2182 3496 »t
2233 3453 2394 3514 esse,
2445 3435 2596 3516 quia
2630 3435 2924 3515 genitum
2955 3438 3054 3497 est

702 3533 843 3595 sine
889 3535 1079 3596 initio
1126 3552 1165 3595 a
1212 3533 1443 3607 Patre;
1510 3538 1575 3596 et
1634 3531 1800 3615 fieri,
1864 3536 2013 3616 quia
2076 3539 2298 3597 natum
2363 3539 2460 3598 est
2521 3553 2670 3598 cum
2729 3535 2919 3597 initio
2967 3553 3054 3597 ex

703 3633 933 3698 Matre.
986 3633 1162 3698 Sicut
1208 3634 1379 3699 Deus
1425 3640 1522 3698 est
1569 3635 1921 3699 secundum
1977 3656 2161 3699 suum
2213 3657 2250 3698 «
2283 3656 2424 3700 esse
2459 3657 2518 3718 »,
2583 3638 2676 3700 ita
2739 3640 2804 3698 et
2857 3635 3053 3700 homo

705 3734 1055 3799 secundum
1104 3756 1289 3799 suum
1346 3761 1377 3793 ι
1411 3735 1555 3800 fieri
1588 3757 1661 3813 »;
1713 3743 1776 3801 et
1837 3740 2003 3801 sicut
2065 3736 2275 3820 quoad
2335 3757 2520 3800 suum
2577 3763 2608 3794 α
2643 3756 2785 3800 esse
2821 3759 2856 3800 »
2921 3757 3054 3801 non

706 3841 915 3918 potest
958 3841 1299 3902 numerari
1346 3838 1491 3920 duo,
1538 3843 1633 3904 ita
1686 3859 1810 3904 nec
1870 3842 1939 3901 in
2000 3858 2116 3903 suo
2168 3858 2203 3901 «
2237 3837 2382 3902 fieri
2415 3864 2448 3898 »
2518 3838 2710 3903 debet
2772 3841 3056 3922 cogitari

704 3935 849 4000 duo.
898 3937 981 4000 Et
1036 3939 1570 4020 quemadmodum
1632 3943 1700 4002 in
1751 3961 1787 4004 ‹<
1821 3960 1962 4003 esse
1997 3961 2032 4003 »
2098 3942 2239 4002 eius
2298 3959 2431 4002 non
2493 3944 2590 4003 est
2653 3938 2822 4003 alius
2885 3940 3056 4002 Deus

704 4057 851 4101 oum
899 4058 995 4120 eo,
1046 4039 1158 4103 sed
1204 4041 1406 4104 Pater
1450 4041 1625 4105 solus
1671 4061 1758 4104 ex
1805 4061 1927 4125 quo
1975 4046 2090 4123 est,
2137 4044 2229 4105 ita
2277 4045 2342 4104 et
2389 4044 2457 4104 in
2499 4064 2532 4100 α
2563 4038 2712 4104 fieri
2749 4067 2778 4098 ι»
2818 4044 2960 4104 eius
2991 4044 3055 4104 ei

702 4157 835 4203 non
885 4140 1201 4204 adhaeret
1249 4141 1417 4205 alius
1463 4142 1668 4206 homo·
1703 4146 1811 4207 cui
1855 4146 2130 4226 primum
2181 4145 2410 4225 agnita
2457 4146 2542 4206 sit
2595 4162 2878 4226 persona
2941 4147 3054 4205 aut

704 4245 961 4305 natura.
1011 4241 1288 4317 Etenim,
1316 4249 1592 4308 naturae
1641 4244 1967 4308 humanae
2015 4244 2254 4308 dicitur
2300 4242 2510 4309 *Deus
2555 4264 2674 4328 per
2704 4244 3052 4328 Virginem

800 4563 815 4590 ¹
857 4562 1127 4626 lonium„
1164 4575 1203 4622 1,
1242 4561 1325 4614 14.
1352 4589 1425 4608 .-
1469 4560 1490 4592 ²
1528 4562 1611 4616 Cf.
1650 4564 1668 4616 1
1709 4563 1981 4627 ionium„
2017 4579 2056 4627 ι,
2095 4565 2203 4620 1-2.

3139 1105 3170 1148 0!

3110 1607 3172 1653 10

3111 2119 3170 2162 15

3109 3651 3168 3694 30
