3400 5642
424 4254 481 4310 p.
518 4240 638 4295 121.

696 658 933 724 harum
964 660 1153 725 oculo
1174 663 1471 744 corporis
1492 659 1798 726 videatur
1820 665 1934 725 aut
1957 679 2154 725 manu
2187 660 2444 725 carnali
2465 660 2784 744 palpetur,
2817 679 3046 724 omnes

698 766 770 824 ut
816 781 923 826 res
968 768 1241 828 exactas
1285 768 1351 828 et
1396 782 1593 828 veras
1637 760 1800 828 fides
1845 765 2100 847 accipit.
2149 762 2330 828 Haec
2375 765 2596 827 omnia
2647 760 2802 826 fidei
2847 765 3044 826 vivae

696 866 911 946 magis
958 870 1291 948 comperta
1336 869 1487 929 sunt
1532 884 1726 948 quam
1771 863 2144 949 corporalia
2191 864 2488 930 sensibus
2531 867 2845 949 corporis,
2901 865 3045 948 My-

696 967 967 1030 sterium
992 967 1168 1030 enim
1192 965 1515 1032 secundae
1539 971 1806 1032 nostrae
1829 967 2200 1031 nativitatis
2221 965 2526 1031 mirabile
2547 971 2647 1030 est
2677 971 2742 1030 et
2765 965 3048 1050 inexpli-

696 1066 927 1149 cabile,
992 1070 1143 1152 quia
1202 1087 1396 1132 nemo
1457 1068 1848 1152 intellegere
1911 1073 2026 1133 aut
2079 1070 2365 1134 scrutari
2411 1073 2524 1132 aut
2585 1066 2804 1133 dicere
2865 1067 3048 1133 valet

698 1168 1013 1254 quomodo
1058 1175 1299 1235 natura
1345 1170 1635 1236 humana
1658 1191 1746 1236 ex
1769 1171 1904 1237 Deo
1933 1191 2053 1256 per
2075 1172 2467 1256 baptismum
2491 1169 2704 1236 denuo
2733 1176 3048 1236 nascatur

697 1278 763 1336 et
806 1274 986 1336 servi
1030 1271 1311 1337 rebelles
1356 1269 1477 1336 filii
1521 1271 1746 1338 dilecti
1789 1272 1997 1356 Regis
2019 1272 2323 1338 caelestis
2352 1271 2530 1338 fiant.
2557 1271 2738 1338 Haec
2769 1275 3048 1336 miratus

696 1373 1023 1440 Iohannes
1068 1373 1481 1459 evangelista
1526 1371 1796 1440 *scribit
1837 1381 1904 1440 et
1959 1373 2147 1440 dicit:
2203 1395 2240 1438 «
2271 1374 2596 1459 Quotquot
2653 1380 3046 1459 receperunt

696 1497 845 1540 eum
892 1482 958 1542 et
1002 1475 1423 1542 crediderunt
1468 1479 1539 1542 in
1583 1478 1878 1543 Verbum
1927 1481 2363 1559 incarnatum,
2411 1476 2588 1542 dedit
2633 1480 2732 1542 eis
2763 1482 3046 1562 potesta-

696 1585 827 1643 tem
874 1577 1043 1644 filios
1092 1579 1208 1643 Dei
1252 1576 1400 1644 fieri
1430 1600 1505 1657 »;
1556 1585 1641 1663 et,
1666 1585 1740 1644 ut
1769 1579 2070 1646 ostendat
2100 1579 2291 1662 unde,
2317 1578 2529 1644 addit:
2585 1601 2620 1642 «
2653 1583 2763 1664 qui
2792 1599 2926 1644 non
2957 1599 3048 1644 ex

696 1683 1041 1764 sanguine,
1089 1699 1297 1765 neque
1344 1701 1430 1747 ex
1476 1682 1814 1747 voluntate
1862 1684 2106 1764 carnis,
2153 1701 2364 1765 neque
2411 1701 2496 1746 ex
2527 1680 2866 1746 voluntate
2890 1685 3044 1764 viri,

698 1782 811 1848 sed
858 1802 943 1847 ex
1005 1783 1139 1848 Deo
1184 1786 1327 1848 nati
1386 1790 1629 1863 sunt»,
1692 1784 1762 1850 id
1822 1789 1940 1867 est,
1995 1803 2082 1850 ex
2143 1784 2366 1866 Patre,
2426 1787 2578 1867 quia
2637 1783 2844 1849 Filius
2903 1786 3048 1848 eius

696 1904 854 1950 caro
900 1885 1113 1950 factus
1160 1891 1291 1950 est:
1346 1907 1381 1948 «
1414 1886 1497 1952 Et
1542 1887 1836 1953 Verbum
1881 1905 2040 1952 caro
2085 1885 2332 1952 factum
2377 1892 2475 1952 est
2505 1893 2571 1952 et
2615 1886 2944 1951 habitavit
2974 1889 3044 1951 in

695 1987 885 2053 nobis
910 1991 931 2027 ¹
961 2009 1019 2052 ».
1069 1989 1502 2072 Evangelista
1534 1992 1712 2054 enim
1743 1989 1906 2054 duas
1951 1991 2332 2056 nativitates
2361 1991 2795 2074 iuxtaposuit:
2845 2009 3046 2054 unam

696 2089 1053 2167 hominum,
1090 2111 1255 2175 quae
1304 2090 1517 2157 denuo
1562 2090 1635 2156 fit
1672 2112 1794 2176 per
1837 2092 2247 2176 baptismum,
2296 2091 2576 2156 alteram
2605 2091 2830 2174 Verbi,
2879 2111 3046 2176 quae

694 2196 763 2256 in
809 2213 1009 2258 carne
1058 2213 1143 2258 ex
1191 2194 1473 2278 Virgine
1534 2194 1712 2262 facta
1759 2200 1890 2271 est;
1957 2201 2024 2260 et
2069 2194 2288 2260 docuit
2347 2213 2614 2260 oausam
2675 2198 3046 2260 nativitatis

694 2300 957 2360 nostrae
1004 2315 1091 2360 ex
1136 2296 1271 2360 Deo
1318 2300 1385 2360 et
1430 2296 1631 2361 Patre
1676 2316 1798 2380 per
1841 2297 2250 2381 baptismum,
2299 2298 2370 2360 in
2416 2295 2540 2360 hoc
2600 2295 3044 2380 reponendam

693 2416 835 2462 esse
882 2397 1051 2481 quod
1096 2398 1389 2462 Verbum
1436 2401 1625 2464 carni
1671 2404 1738 2462 et
1761 2400 2072 2482 sanguini
2096 2400 2533 2482 participavit,
2567 2403 2634 2462 et
2664 2418 2782 2482 per
2811 2401 3045 2463 exina-

694 2501 1011 2564 nitionem
1056 2498 1229 2564 filius
1273 2501 1569 2566 mulieris
1612 2499 1860 2565 factum
1906 2506 2021 2565 est.
2071 2499 2198 2566 Sed
2241 2519 2362 2566 nos
2393 2519 2477 2566 ex
2509 2497 2662 2564 filiis
2707 2500 3043 2564 hominum

695 2599 813 2664 filii
860 2601 977 2666 Dei
1020 2601 1181 2668 facti
1226 2623 1465 2685 sumus,
1514 2608 1579 2668 et
1626 2623 1712 2668 ex
1757 2602 2210 2687 corporalibus
2253 2602 2613 2686 spiritales;
2665 2602 2776 2666 ille
2823 2607 3043 2666 autem

694 2705 835 2768 sine
882 2707 1243 2769 mutatione
1290 2725 1376 2770 ex
1424 2705 1558 2770 Deo
1605 2705 1818 2770 factus
1865 2711 1964 2770 est
2010 2705 2226 2787 homo,
2275 2710 2340 2768 et
2385 2725 2472 2770 ex
2503 2707 2736 2789 spiritu
2782 2710 2846 2768 et
2891 2707 3046 2768 sim-

694 2804 848 2888 plici
894 2825 1249 2890 corporeus
1294 2812 1359 2872 et
1406 2807 1788 2891 corporalis,
1839 2807 1924 2872 Et
1969 2813 2310 2890 utramque
2363 2809 2780 2872 nativitatem
2833 2809 3046 2890 posuit

692 2913 764 2971 ut
796 2927 927 2974 una
958 2908 1231 2974 alterius
1262 2916 1433 2976 esset
1462 2919 1948 2994 argumentum,
1981 2913 2078 2974 ita
2100 2915 2172 2974 ut
2203 2909 2418 2991 homo,
2453 2912 2510 2972 si
2541 2928 2860 2993 quaerere
2884 2908 3046 2973 velit

694 3009 1010 3094 quomodo
1056 3011 1229 3076 Deus
1258 3031 1345 3076 ex
1376 3012 1651 3076 muliere
1684 3012 1882 3078 homo
1911 3018 2108 3076 natus
2137 3014 2240 3094 sit,
2275 3010 2482 3076 discat
2514 3031 2600 3076 ex
2631 3010 2842 3076 altera
2873 3014 3046 3076 nati-

692 3115 917 3194 vitate,
944 3115 1131 3178 iuxta
1164 3113 1335 3178 hano
1366 3117 1597 3197 posita,
1624 3113 1944 3198 quomodo
1966 3115 2400 3197 unusquisque
2425 3118 2741 3194 nostrum,
2767 3112 2920 3176 dum
2943 3119 3042 3178 est

692 3215 888 3280 homo
934 3235 1053 3299 per
1096 3223 1421 3298 naturam,
1470 3236 1589 3300 per
1632 3218 2027 3300 baptismum
2074 3215 2246 3280 filius
2290 3216 2410 3280 Dei
2453 3221 2797 3292 nascatur;
2847 3221 3043 3299 utque

694 3317 861 3402 quod
906 3318 1101 3383 homo
1148 3319 1511 3403 corporalis
1555 3326 1752 3385 natus
1795 3325 1894 3384 est
1941 3319 2257 3403 spiritalis
2315 3338 2403 3383 ex
2449 3338 2619 3402 aqua
2665 3323 2730 3383 et
2775 3317 3041 3402 Spiritu,

694 3424 779 3486 sit
822 3425 1281 3506 argumentum
1344 3422 1806 3506 inexplicabile
1871 3422 2040 3506 quod
2093 3422 2384 3488 Verbum
2436 3425 2664 3485 natum
2725 3425 2824 3486 est
2885 3439 3044 3486 caro

692 3543 779 3587 ex
824 3523 1123 3607 Virgine.

3107 1595 3162 1642 lo

3105 2106 3162 2150 15

782 3625 1060 3708 Etenim,
1088 3624 1441 3692 secundum
1486 3629 1902 3692 nativitatem
1949 3625 2366 3692 essentialem
2410 3625 2706 3690 Verbum
2743 3630 2844 3690 est
2873 3625 3046 3690 Deus
3100 3646 3160 3692 ao

693 3731 933 3790 natura
980 3746 1131 3804 sua;
1189 3747 1307 3812 per
1358 3748 1543 3793 suam
1590 3736 1808 3794 autem
1855 3728 2278 3810 voluntatem,
2327 3730 2478 3810 quia
2531 3725 2616 3792 ad
2669 3746 3046 3792 mensuram

692 3833 987 3894 nostram
1034 3828 1385 3912 descendit,
1411 3830 1607 3896 homo
1652 3837 1768 3896 est.
1817 3829 1901 3894 Et
1931 3850 2131 3896 causa
2163 3850 2288 3914 qua
2324 3850 2446 3895 nos
2492 3849 2610 3913 per
2653 3830 3046 3914 baptismum

694 3929 814 3995 filii
844 3931 963 3996 Dei
1007 3934 1341 3998 nascimur
1384 3931 1510 3998 fuit
1554 3935 1925 3998 incarnatio
1971 3933 2089 3998 Dei
2135 3936 2398 4018 eiusque
2429 3935 2744 3998 nativitas
2775 3953 2860 3998 ex
2891 3932 3046 3996 Vir-

696 4036 869 4117 gine.
920 4034 1197 4116 Etenim,
1222 4037 1352 4098 nisi
1395 4034 1507 4100 ille
1555 4038 1736 4119 prius
1779 4040 1974 4100 natus
2005 4041 2194 4117 esset,
2227 4035 2626 4120 impossibile
2662 4034 2892 4100 fuisset
2921 4055 3044 4100 nos

694 4136 819 4200 hac
866 4135 1150 4202 secunda
1196 4139 1543 4202 nativitate
1597 4136 1831 4220 dignos
1885 4134 2070 4201 effici.
2127 4136 2454 4202 Nativitas
2507 4136 2762 4221 quidem
2814 4142 3044 4202 nostra
3098 4155 3158 4200 35

694 4240 1007 4324 spiritalis
1036 4260 1125 4306 ex
1155 4239 1483 4324 corporali
1511 4242 1860 4304 nativitate
1889 4238 2070 4303 *eius
2113 4241 2410 4323 sumitur,
2459 4245 2524 4304 et
2569 4238 2808 4304 donum
2853 4239 3046 4304 nobis

693 4361 1067 4408 concessum
1116 4342 1201 4407 ab
1248 4344 1697 4406 exinanitione
1746 4343 1886 4406 eius
1939 4361 2059 4425 pro
2113 4341 2300 4406 nobis
2354 4343 2676 4426 provenit,
2731 4346 2796 4406 et
2849 4361 3046 4406 reno·

787 4566 801 4594 ¹
841 4563 1115 4626 lomim..
1150 4577 1193 4629 1,
1234 4563 1319 4622 12.
1361 4561 1443 4626 13,
1485 4563 1569 4616 14.
