3400 5642
202 1613 259 1660 lo

202 2117 258 2164 15

1285 523 1403 610 -Ἀί
1450 524 1539 587 33
1588 523 1706 610 b*-

316 687 439 752 que
486 670 847 732 mutatione
878 670 1131 752 peperit
1158 667 1511 732 hominem.
1546 667 1631 732 Et
1660 667 1904 752 duplex
1933 675 2034 732 est
2064 666 2466 751 prodigium:
2503 666 2672 751 quod

290 770 529 854 -Virgo
576 772 923 855 pepererit,
971 774 1039 834 et
1082 769 1251 854 quod
1294 769 1501 834 Deum
1547 772 1894 854 pepererit.
1927 769 2012 833 Et
2041 767 2268 834 forsan
2297 789 2430 833 non
2476 770 2672 834 nimis

314 871 707 955 mirandum,
754 871 909 936 lieet
956 871 1339 956 stupendum
1386 874 1489 955 sit,
1516 874 1687 956 quia,
1737 873 1796 936 si
1839 874 1949 955 qui
1993 876 2187 936 natus
2217 876 2316 935 est
2347 871 2518 936 Deus
2548 875 2666 954 est,

312 971 590 1037 decebat
636 993 785 1038 eum
831 992 868 1037 e
914 972 1195 1056 Virgine
1243 974 1449 1056 nasci,
1498 979 1570 1036 ut
1616 993 1653 1036 e
1700 971 1892 1037 modo
1937 973 2308 1036 nativitatis
2354 992 2669 1058 agnosce-

313 1079 500 1138 retur
544 1077 689 1159 quis
732 1077 817 1138 sit
864 1077 973 1158 qui
1017 1080 1211 1139 natus
1258 1080 1375 1140 est.
1424 1074 1507 1140 Et
1546 1077 1697 1159 quia
1729 1073 2008 1139 inferior
2037 1075 2354 1138 nativitas
2383 1094 2516 1139 non
2547 1079 2666 1158 est,

310 1182 383 1241 ut
428 1179 749 1261 superior,
796 1176 1153 1242 naturalis:
1216 1196 1373 1242 nam
1432 1197 1551 1263 per
1594 1177 1787 1258 hanc,
1849 1181 1922 1241 ut
1967 1175 2128 1258 dixi,
2177 1176 2348 1240 Deus
2401 1197 2488 1241 ex
2531 1177 2668 1242 Deo

310 1283 507 1343 natus
552 1284 670 1361 est,
695 1278 918 1344 lumen
963 1298 1050 1343 ex
1093 1278 1360 1362 lumine,
1393 1279 1762 1344 illimitatus
1791 1298 1878 1343 ex
1907 1275 2183 1360 infinito,
2216 1280 2355 1342 vita
2389 1298 2476 1342 ex
2505 1281 2666 1362 vita,

312 1383 740 1464 incorporeus
784 1399 872 1445 ex
917 1399 997 1446 eo
1042 1383 1153 1464 qui
1198 1383 1663 1466 incompositus
1707 1387 1840 1457 est;
1888 1399 2008 1464 per
2051 1379 2234 1444 illam
2282 1399 2444 1444 vero
2497 1380 2668 1446 Deus

312 1488 507 1547 natus
552 1488 653 1547 est
698 1501 784 1547 ex
828 1481 1123 1565 muliere,
1170 1482 1464 1549 Verbum
1508 1481 1756 1548 factum
1801 1487 1900 1546 est
1945 1501 2105 1547 caro
2151 1501 2238 1546 ex
2269 1501 2489 1563 carne,
2521 1483 2668 1546 uni-

314 1586 577 1668 genitus
612 1583 825 1650 faetus
856 1589 955 1650 est
984 1586 1461 1670 primogenitus
1491 1605 1577 1650 ex
1608 1585 1846 1667 Maria,
1879 1583 2452 1650 consubstantialis
2481 1583 2666 1648 Patri

312 1685 527 1751 faetus
557 1692 657 1751 est
684 1687 1261 1752 consubstantialis
1288 1687 1685 1752 humanitati
1729 1685 2084 1751 secundum
2117 1705 2404 1768 earnem,
2452 1689 2666 1752 incor-

312 1808 551 1873 poreus
612 1794 678 1854 et
721 1787 1013 1853 infinitus
1058 1787 1271 1854 faetus
1330 1793 1431 1854 est
1491 1808 1730 1873 corpus
1787 1791 2214 1872 compositum
2275 1793 2342 1852 et
2387 1807 2666 1872 persona

310 1889 529 1955 finita:
579 1897 915 1976 postquam
961 1893 1487 1975 comparavimus
1538 1892 1974 1975 proprietates
2029 1909 2176 1954 oum
2223 1891 2669 1974 generationi-

309 1993 433 2057 bus
476 1999 544 2058 et
590 1993 1118 2078 supernaturalia
1164 2013 1312 2058 eum
1358 1992 1792 2076 naturalibus,
1839 1992 2126 2058 diximus
2179 1989 2505 2058 difficilius
2559 2011 2666 2056 ac-

312 2094 615 2179 cipienda
647 2113 811 2178 quae
857 2097 1133 2180 mystice
1178 2093 1357 2160 infra
1388 2093 1565 2160 facta
1614 2100 1788 2168 sunt,
1819 2113 2012 2178 quam
2043 2113 2124 2159 ea
2157 2113 2320 2177 quae
2353 2112 2668 2177 superna-

310 2196 619 2261 turaliter
664 2202 1043 2261 evenerunt.
1092 2195 1193 2260 Re
1240 2195 1499 2280 quidem
1545 2215 1729 2279 vera,
1775 2195 2074 2260 terribile
2121 2201 2186 2260 et
2219 2194 2520 2261 mirabile
2567 2201 2666 2260 est

310 2299 588 2364 verbum
610 2297 779 2382 quod
802 2295 1221 2364 confitemur:
1252 2319 1289 2361 ‹
1306 2298 1597 2363 Verbum
1625 2318 1714 2363 ex
1728 2298 2008 2382 Virgine
2033 2303 2259 2362 natum
2283 2303 2382 2363 est
2405 2317 2564 2363 caro
2589 2318 2662 2374 »;

310 2399 937 2483 admirationemque
986 2407 1203 2466 movet
1248 2403 1509 2465 etiamsi
1553 2400 1862 2465 audiatur
1901 2400 2103 2464 Deum
2133 2402 2274 2465 sine
2307 2401 2664 2464 mutatione

308 2520 395 2567 ex
442 2501 717 2566 muliere
762 2500 1009 2566 factum
1057 2521 1199 2566 esse
1246 2501 1596 2566 hominem.
1646 2500 1792 2583 Sed,
1839 2503 1965 2566 etsi
2009 2500 2308 2566 terribile
2355 2506 2472 2583 est,
2515 2503 2666 2584 quia

309 2608 410 2668 est
454 2603 845 2688 prodigium,
908 2605 1003 2668 ita
1062 2609 1287 2669 tamen
1350 2602 1746 2669 credendum
1793 2607 1912 2682 est,
1961 2623 2108 2668 cum
2169 2604 2310 2668 eius
2356 2606 2464 2686 qui
2510 2601 2666 2670 fecit

307 2708 667 2790 potentiam
712 2708 783 2770 in
828 2710 1045 2770 mente
1094 2705 1532 2782 revolvimus;
1582 2709 1709 2788 cui,
1758 2725 1905 2770 oum
1929 2707 2013 2770 sit
2043 2705 2235 2787 Deus,
2269 2707 2490 2769 omnia
2521 2723 2665 2788 pos-

308 2807 529 2872 sibilia
574 2813 745 2891 sunt,
794 2827 941 2874 cum
988 2810 1073 2873 sit
1116 2808 1345 2890 bonus,
1390 2811 1537 2873 sine
1585 2807 1839 2872 invidia
1871 2807 2038 2872 alios
2067 2806 2352 2872 honorat
2383 2812 2450 2870 et
2480 2805 2664 2872 exal-

306 2916 425 2993 tat,
474 2929 623 2975 cum
668 2913 752 2974 sit
798 2915 1047 2995 potenS,
1094 2910 1379 2976 honorat
1424 2909 1744 2994 quomodo
1791 2909 1952 2991 vult,
1999 2914 2067 2973 et
2113 2912 2345 2994 quavis
2405 2911 2664 2974 ratione

307 3017 375 3076 et
422 3015 651 3096 quovis
696 3011 930 3095 medio,
980 3017 1049 3076 ut
1100 3015 1165 3077 ei
1208 3012 1441 3098 placet.

395 3113 430 3150 *
463 3113 763 3178 Infinitus
806 3133 971 3199 ergo
1016 3114 1361 3180 conclusus
1405 3120 1505 3179 est
1552 3117 1621 3179 in
1667 3115 1949 3198 Virgine
1995 3118 2068 3178 ut
2111 3114 2328 3196 homo,
2393 3133 2665 3180 manens
2759 3167 2774 3180 .

306 3215 603 3282 infinitus
646 3221 719 3280 ut
762 3217 966 3293 Deus3
1015 3217 1311 3281 Verbum
1356 3218 1527 3282 Deus
1572 3216 1820 3282 factum
1866 3223 1965 3281 est
2010 3216 2206 3281 homo
2238 3219 2393 3300 quin
2425 3236 2465 3280 a
2497 3215 2665 3280 divi-

306 3322 515 3384 nitate
562 3339 681 3384 sua
729 3322 1127 3394 mutaretur3
1178 3318 1770 3384 Consubstantialis
1813 3313 2029 3384 Pa'tri
2071 3318 2280 3383 voluit
2311 3338 2398 3382 ex
2429 3317 2662 3382 huma-

304 3422 513 3484 nitate
576 3418 1151 3484 nonsubstantialis
1210 3419 1585 3484 hominibus
1646 3418 1986 3503 appellari,
2041 3437 2176 3482 non
2239 3420 2483 3482 amissa
2545 3436 2662 3482 sua

306 3521 1021 3598 eonsubstantialitate;
1046 3521 1254 3587 Filius
1274 3521 1601 3586 naturalis
1617 3520 1832 3586 factus
1847 3526 1946 3585 est
1967 3519 2140 3584 filius
2163 3520 2448 3585 hominis
2471 3539 2662 3605 prop—

304 3632 413 3691 ter
456 3625 818 3690 bonitatem
850 3645 1055 3708 suam,
1080 3625 1261 3690 nullo
1282 3645 1553 3710 prorsus
1584 3627 1989 3690 incremento
2020 3644 2108 3689 ex
2139 3643 2219 3688 eo
2249 3623 2418 3707 quod
2450 3623 2662 3688 factus

306 3733 405 3793 est
452 3732 754 3812 accept03
804 3727 1239 3793 Absconditus
1285 3727 1619 3792 revelatus
1650 3731 1750 3791 est
1795 3731 1862 3790 et
1905 3728 1978 3790 in
2023 3745 2142 3790 suo
2187 3729 2446 3792 secreto
2478 3744 2664 3791 man-

306 3833 424 3906 sit;
462 3828 803 3914 Spiritalis
863 3832 1247 3895 incarnatus
1293 3835 1392 3894 est
1438 3835 1503 3894 et
1548 3832 1619 3893 in
1680 3848 1800 3892 sua
1861 3827 2280 3913 spiritalitate
2342 3829 2659 3912 perstitit;

305 3932 552 3997 Plenus
598 3952 667 3997 se
716 3934 1087 3997 exinanivit
1130 3938 1198 3997 et
1240 3935 1603 4016 permansit
1647 3935 1718 3994 in
1765 3930 2014 3996 divitiis
2059 3933 2226 4008 suis;
2288 3930 2664 3996 Altissimus

306 4053 376 4100 se
438 4034 817 4099 humiliavit
876 4039 942 4100 et
1002 4053 1189 4098 suam
1250 4033 1661 4100 altitudinem
1723 4035 1866 4098 sine
1927 4036 2286 4098 mutatione
2349 4035 2656 4108 retinuit;

307 4136 551 4201 Forma
599 4135 718 4200 Dei
760 4134 1042 4201 formam
1088 4139 1265 4200 servi
1312 4136 1437 4201 sibi
1482 4137 1772 4220 sumpsit,
1819 4140 2088 4200 servata
2133 4137 2202 4199 in
2233 4154 2312 4198 eo
2345 4136 2484 4198 sine
2509 4152 2662 4198 con-

306 4241 615 4303 versione
660 4240 896 4303 notitia
942 4241 1277 4323 utriusque
1322 4237 1597 4303 formae.
1645 4237 1726 4303 In
1771 4236 2024 4303 duabus
2069 4236 2300 4302 formis
2344 4255 2481 4301 non
2539 4255 2662 4302 nu-

306 4347 605 4406 meratur
629 4339 681 4417 ¹;
730 4342 965 4405 unicus
992 4347 1093 4404 est
1114 4339 1327 4424 quoad
1358 4359 1542 4404 suam
1582 4338 2070 4424 spiritalitatem
2101 4343 2167 4402 et
2195 4340 2428 4402 unicus
2449 4337 2662 4422 quoad

396 4481 417 4513 ¹
445 4480 683 4535 Locutio
708 4477 811 4535 illa
833 4479 1145 4536 Christum
1168 4479 1501 4537 numerari
1522 4479 1673 4550 apud
1698 4477 2081 4535 Philoxenum
2101 4485 2444 4549 ceterosque
2463 4480 2664 4534 Mano-

308 4565 483 4637 physi
492 4571 580 4620 tas
600 4564 756 4620 idem
773 4563 935 4620 valet
950 4578 1022 4620 ae
1040 4563 1335 4620 Christum
1357 4564 1557 4621 haberi
1578 4565 1639 4619 in
1660 4563 1802 4620 duas
1823 4569 2065 4620 naturas
2085 4569 2184 4619 aut
2203 4563 2344 4619 duas
2363 4576 2662 4634 personas.

524 4729 664 4772 sva.
702 4745 771 4756 —
808 4729 863 4772 n.
898 4745 969 4756 —
1004 4731 1194 4772 xxvn.
2417 4716 2451 4770 3
