3400 5642
244 1585 295 1628 10

243 2097 294 2141 15

239 4335 293 4381 35

1298 509 1414 593 41(
1466 509 1591 572 177
1641 511 1753 592 μ-

348 650 595 735 aliquid
640 650 1029 733 huiusmodi,
1076 671 1210 715 non
1242 653 1591 727 miramur;
1643 654 1699 715 si
1745 671 1906 716 vero
1939 652 2237 716 audimus
2275 671 2422 716 eum
2454 652 2696 718 factum

347 773 487 817 esse
518 752 803 837 lapidem
835 752 943 816 vel
971 752 1223 836 lignum
1257 752 1607 818 admiratio
1632 759 1696 817 et
1721 757 2068 818 curiositas
2090 760 2317 820 nostra
2347 759 2695 836 excitatur,

345 857 735 940 praesertim
782 857 839 918 si
884 855 1075 918 simul
1122 855 1362 921 dicitur
1407 875 1574 938 eum,
1623 875 1772 920 cum
1817 859 1910 920 ita
1956 857 2168 922 factus
2214 863 2331 940 est,
2381 864 2696 922 mutatum

344 978 477 1022 non
522 959 759 1035 fuisse;
826 978 979 1021 nam
1040 966 1339 1043 putamus
1400 979 1549 1024 eum
1610 965 1726 1023 aut
1769 959 1949 1024 nullo
1996 958 2188 1025 modo
2248 961 2492 1025 factum
2555 981 2696 1025 esse

347 1060 591 1144 aliquid
637 1061 893 1143 horum,
942 1068 1073 1142 aut,
1100 1063 1157 1124 si
1218 1060 1429 1126 factus
1474 1060 1695 1143 fuerit,
1753 1064 2178 1126 mutationem
2225 1082 2484 1145 passum
2533 1083 2694 1127 esse.

346 1163 444 1228 Ita
492 1169 557 1227 et
604 1183 750 1227 cum
812 1162 1111 1228 audimus
1170 1162 1572 1247 Scripturam
1636 1163 1974 1228 docentem
2037 1164 2205 1248 quod
2265 1165 2435 1228 Deus
2490 1165 2700 1229 homi-

342 1285 495 1329 nem
542 1268 814 1349 sumpsit
872 1284 957 1329 ne
1018 1284 1225 1349 parva
1288 1264 1546 1349 quidem
1606 1266 1920 1348 cogitatio
1982 1269 2318 1330 contraria
2378 1270 2448 1330 in
2508 1267 2698 1331 nobis

346 1369 590 1440 oritur;
656 1365 825 1448 quod
885 1368 943 1429 si
1004 1364 1340 1448 Scriptura
1400 1365 1589 1430 nobis
1643 1364 1816 1430 dicat
1879 1385 2028 1430 eum
2087 1365 2332 1430 factum
2381 1387 2542 1449 esse,
2591 1370 2696 1430 cui

348 1471 447 1532 rei
507 1470 789 1551 suspicio
850 1470 1229 1532 mutationis
1296 1467 1620 1548 inhaeret,
1684 1470 1906 1532 statim
1973 1468 2164 1532 nobis
2224 1471 2436 1533 innuit
2497 1472 2696 1533 etiam

344 1569 859 1653 intellegendum
904 1589 1055 1634 eum
1102 1575 1421 1634 mutatum
1448 1589 1583 1634 non
1628 1568 1848 1634 fuisse.
1899 1570 1980 1634 Et
2013 1573 2163 1653 quia
2197 1590 2413 1634 sermo
2453 1570 2531 1635 de
2565 1571 2698 1635 Deo

346 1678 462 1754 est,
512 1691 645 1736 non
692 1677 911 1736 autem
958 1672 1039 1737 de
1086 1691 1217 1736 una
1273 1692 1360 1736 ex
1419 1675 1676 1736 naturis
1723 1692 1887 1756 quae
1949 1676 2238 1737 existere
2293 1677 2696 1757 inceperunt,

346 1777 486 1838 eius
536 1795 573 1836 «
604 1773 754 1838 fieri
785 1795 821 1837 »
873 1774 1113 1857 absque
1160 1776 1517 1838 mutatione
1579 1773 2038 1858 intellegimus..
2089 1775 2332 1859 Itaque,
2381 1775 2495 1838 ubi
2541 1775 2697 1839 hae-

346 1881 589 1942 reticus
636 1874 921 1959 offendit,
970 1877 1079 1941 ille
1128 1879 1237 1960 qui
1281 1882 1459 1942 recte
1507 1876 1716 1941 credit
1761 1879 1976 1960 magis
2022 1875 2422 1943 aedificatur.
2488 1878 2701 1961 Igitur

346 1983 624 2065 primum
673 1979 1036 2061 considera,
1086 2000 1125 2044 o
1172 1979 1385 2061 hom0,
1435 1982 1577 2063 quis
1622 1982 1708 2043 sit
1753 1982 1862 2062 qui
1906 1978 2116 2044 factus
2163 1985 2279 2061 est,
2329 1983 2544 2064 sicque
2593 2001 2700 2046 co-

350 2085 733 2166 gitationem
782 2081 861 2145 de
906 2085 1049 2145 eius
1100 2103 1135 2145 «
1168 2080 1313 2146 fleri
1347 2103 1382 2146 »
1432 2085 1503 2146 in
1548 2087 1612 2146 te
1647 2086 1886 2166 accipe.
1939 2081 2007 2146 Si
2035 2083 2146 2146 ille
2195 2085 2304 2166 qui
2347 2083 2561 2148 factus
2601 2090 2697 2148 est

348 2189 608 2248 creatus
655 2190 771 2265 est,
820 2189 971 2247 tene
1017 2204 1167 2248 eum
1212 2205 1359 2248 cum
1406 2183 1617 2248 factus
1662 2187 1748 2248 sit
1793 2188 1990 2248 etiam
2037 2190 2356 2249 mutatum
2401 2205 2577 2260 esse;
2643 2188 2700 2249 si

349 2305 509 2350 vero
556 2284 893 2369 Scriptura
938 2291 1003 2349 te
1036 2284 1225 2350 docet
1256 2305 1403 2350 eum
1450 2288 1558 2368 qui
1612 2292 1711 2350 est
1756 2285 2002 2350 factum
2033 2306 2195 2367 esse,
2230 2286 2423 2350 crede
2463 2289 2697 2351 merito

349 2388 515 2472 quod
562 2391 720 2471 ipse,
770 2407 917 2451 cum
964 2389 1416 2452 exsistentiam
1446 2388 1689 2452 habeat
1733 2391 2118 2471 increatam,
2167 2391 2366 2453 etiam
2409 2410 2444 2452 «
2479 2387 2625 2454 fieri
2657 2411 2692 2453 »

348 2491 587 2574 absque
634 2493 993 2555 mutatione
1041 2490 1381 2566 habuisse;
1430 2510 1553 2554 nec
1593 2493 1763 2554 scire
1812 2510 2090 2574 quaeras
2123 2491 2440 2576 quomodo
2485 2492 2700 2556 factus

346 2597 447 2658 sit.
499 2593 591 2656 De
639 2593 771 2656 Deo
818 2596 993 2656 enim
1039 2613 1171 2657 non
1224 2593 1410 2658 decet
1470 2613 1840 2658 sermonem
1900 2594 2147 2658 habere
2210 2594 2318 2658 vel
2380 2594 2696 2678 quomodo

347 2698 639 2777 exsistat,
688 2695 795 2759 vel
841 2695 1159 2778 quomodo
1220 2701 1563 2760 creaturas
1614 2695 1834 2760 faciat.
1883 2694 2106 2768 *Quod
2153 2699 2208 2760 si
2240 2696 2318 2761 de
2352 2700 2696 2778 creaturiS,

348 2816 510 2879 quae
560 2797 643 2860 ab
690 2816 769 2860 eo
813 2794 1030 2860 factae
1078 2803 1227 2860 sunt
1272 2796 1380 2860 vel
1426 2794 1607 2878 fiunt,
1670 2795 1892 2861 dicere
1952 2817 2085 2862 non
2139 2797 2335 2862 liceat
2381 2797 2698 2881 quomodo

344 2901 543 2981 fiant,
588 2917 715 2979 nec
775 2897 854 2962 de
902 2898 1240 2982 prodigiis,
1304 2918 1467 2982 quae
1531 2898 1967 2963 diversimode
2015 2899 2186 2964 Deus
2245 2902 2315 2962 in
2377 2901 2700 2964 creaturis

347 2999 794 3064 manifestavit
842 3005 905 3063 et
952 3000 1347 3083 manifestat,
1412 3000 1629 3064 dicere
1684 3020 1816 3064 non
1877 3000 2074 3065 liceat
2136 3001 2452 3084 quomodo
2495 3001 2696 3083 fiant,

346 3120 465 3164 cur
510 3099 589 3164 de
641 3118 677 3162 ‹<
710 3099 858 3164 fieri
889 3122 925 3164 »
978 3100 1171 3181 illius,
1236 3104 1345 3184 qui
1406 3100 1696 3165 creditur
1756 3101 1968 3166 factus
2013 3101 2254 3185 absque
2318 3105 2695 3183 mutatione,

348 3202 620 3266 auderet
667 3206 809 3286 quis
854 3206 1259 3286 investigare
1292 3203 1377 3268 ad
1422 3203 1799 3268 discendum
1839 3202 2156 3286 quomodo
2200 3203 2496 3268 Verbum
2541 3223 2698 3268 caro

345 3303 592 3369 factum
624 3307 709 3368 sit
740 3309 853 3369 aut
884 3303 1201 3388 quomodo
1232 3304 1772 3369 inhumanatum?
1821 3304 1993 3369 Audi
2024 3322 2188 3387 ergo
2226 3325 2374 3370 eum
2406 3308 2515 3389 qui
2546 3305 2699 3370 huic

344 3405 521 3488 dicit,
570 3409 737 3470 sicut
782 3405 987 3471 Sarae
1018 3405 1072 3469 ¹:
1144 3427 1179 3470 ‹<
1213 3406 1535 3490 Numquid
1580 3407 1714 3471 Deo
1777 3407 2122 3490 quidquam
2170 3413 2268 3471 est
2301 3404 2604 3472 difficile?
2636 3429 2696 3490 »,

345 3514 410 3572 et
464 3512 663 3574 etiam
696 3509 1023 3593 angelum,
1072 3511 1182 3592 qui
1227 3509 1380 3574 huic
1435 3509 1800 3593 respondet,
1825 3513 1993 3574 sicut
2042 3509 2312 3592 Virgini
2335 3509 2393 3573 2:
2450 3530 2485 3573 «
2519 3509 2698 3572 Nihil

346 3617 445 3675 est
489 3611 887 3696 impossibile
936 3611 1104 3696 apud
1152 3612 1353 3675 Deum
1387 3634 1445 3675 ».
1712 3601 1718 3606 ’

982 3819 1303 3884 ΗΠΒὸΰΜΖ
1356 3819 1748 3885 SENTENTIA
1797 3840 2074 3894 QUINTA.

434 4022 740 4086 Breviter
783 4025 990 4106 igitur
1034 4026 1359 4088 sententia
1391 4030 1617 4090 nostra
1662 4026 1842 4089 circa
1894 4045 1930 4087 ‹<
1965 4023 2110 4089 fieri
2141 4045 2177 4088 >›
2215 4025 2334 4089 Dei
2365 4026 2530 4089 haec
2561 4030 2696 4088 est:

344 4123 900 4197 Quemadmodum
946 4129 1291 4210 opinamur
1336 4147 1483 4191 eum
1530 4130 1850 4192 exsistere
1897 4132 1962 4191 et
2009 4127 2265 4211 quidem
2320 4147 2452 4192 non
2514 4145 2699 4192 crea-

345 4233 501 4308 tum,
550 4230 643 4292 ita
690 4225 1077 4292 confitemur
1120 4248 1270 4292 eum
1316 4227 1561 4294 factum
1608 4249 1749 4293 esse
1796 4235 1863 4293 et
1904 4229 2160 4313 quidem
2193 4250 2326 4294 non
2358 4234 2696 4294 mutatum.

347 4329 429 4393 Et
478 4336 817 4415 utrumque
866 4330 1208 4396 didicimus
1255 4351 1294 4394 a
1341 4330 1651 4396 Iohanne.
1704 4333 1814 4396 Ait
1862 4336 2035 4397 enim
2063 4333 2121 4396 3:
2177 4354 2212 4396 «
2247 4332 2324 4396 In
2377 4335 2698 4417 principio

440 4553 456 4581 ¹
501 4553 661 4616 Gen„
701 4565 864 4614 xvm,
906 4553 989 4606 14.
1035 4581 1091 4591 -
1134 4551 1155 4583 ²
1194 4553 1349 4614 Luc„
1384 4567 1425 4615 1,
1462 4553 1547 4606 37.
1590 4583 1655 4592 —
1694 4553 1713 4584 ¹
1752 4553 2026 4615 Ionum,
2069 4571 2106 4616 1,
2147 4554 2254 4608 1-2.

565 4713 701 4754 svn.
740 4731 795 4740 -
825 4714 877 4754 Β.
909 4730 967 4739 —-
999 4715 1186 4756 xxvn.
2421 4704 2488 4757 12

2755 2714 2808 2768 p.
2842 2699 2967 2754 239.
